,Fecha,Descripcion,Credito,Debito,Saldo
0,Fecha,Descripción Origen,Crédito,Débito,Saldo
1,02/05/24,ACREDITAMIENTO,"567,52",,"570.281,78"
2,,PRISMA-COMERCIOS,,,
3,,VISA EST.:0064565229,,,
4,02/05/24,ING. BRUTOS S/ CRED,,"-10,22","570.271,56"
5,,LEY 12837-BS.AS.,,,
6,02/05/24,IMP. CRE. LEY 25413,,"-3,41","570.268,15"
7,02/05/24,IMP. DEB. LEY 25413,,"-0,06","570.268,09"
8,02/05/24,ACREDITAMIENTO,"855,41",,"571.123,50"
9,,PRISMA-COMERCIOS,,,
10,,VISA EST.:0064565229,,,
11,02/05/24,ING. BRUTOS S/ CRED,,"-15,40","571.108,10"
12,,LEY 12837-BS.AS.,,,
13,02/05/24,IMP. CRE. LEY 25413,,"-5,13","571.102,97"
14,02/05/24,IMP. DEB. LEY 25413,,"-0,09","571.102,88"
15,02/05/24,ACREDITAMIENTO,"1.280,94",,"572.383,82"
16,,PRISMA-COMERCIOS,,,
17,,VISA EST.:0064567639,,,
18,02/05/24,ING. BRUTOS S/ CRED,,"-23,06","572.360,76"
19,,LEY 12837-BS.AS.,,,
20,02/05/24,IMP. CRE. LEY 25413,,"-7,69","572.353,07"
21,,,,,
22,02/05/24,IMP. DEB. LEY 25413,,"-0,14","572.352,93"
23,02/05/24,ACREDITAMIENTO,"1.809,87",,"574.162,80"
24,,PRISMA-COMERCIOS,,,
25,,VISA EST.:0064567639,,,
26,02/05/24,ING. BRUTOS S/ CRED,,"-32,58","574.130,22"
27,,LEY 12837-BS.AS.,,,
28,02/05/24,IMP. CRE. LEY 25413,,"-10,86","574.119,36"
29,02/05/24,IMP. DEB. LEY 25413,,"-0,20","574.119,16"
30,02/05/24,ACREDITAMIENTO,"2.588,74",,"576.707,90"
31,,PRISMA-COMERCIOS,,,
32,,VISA EST.:0064538945,,,
33,02/05/24,ING. BRUTOS S/ CRED,,"-46,60","576.661,30"
34,,LEY 12837-BS.AS.,,,
35,02/05/24,IMP. CRE. LEY 25413,,"-15,53","576.645,77"
36,02/05/24,IMP. DEB. LEY 25413,,"-0,28","576.645,49"
37,02/05/24,ACREDITAMIENTO,"4.134,67",,"580.780,16"
38,,PRISMA-COMERCIOS,,,
39,,MAST EST.:0064567688,,,
40,02/05/24,ING. BRUTOS S/ CRED,,"-74,42","580.705,74"
41,,LEY 12837-BS.AS.,,,
42,02/05/24,IMP. CRE. LEY 25413,,"-24,81","580.680,93"
43,02/05/24,IMP. DEB. LEY 25413,,"-0,45","580.680,48"
44,02/05/24,ACREDITAMIENTO,"4.349,93",,"585.030,41"
45,,PRISMA-COMERCIOS,,,
46,,MAST EST.:0064567688,,,
47,02/05/24,ING. BRUTOS S/ CRED,,"-78,30","584.952,11"
48,,LEY 12837-BS.AS.,,,
49,02/05/24,IMP. CRE. LEY 25413,,"-26,10","584.926,01"
50,02/05/24,IMP. DEB. LEY 25413,,"-0,47","584.925,54"
51,02/05/24,ACREDITAMIENTO,"7.705,03",,"592.630,57"
52,,PRISMA-COMERCIOS,,,
53,,MAST EST.:0064565278,,,
54,02/05/24,ING. BRUTOS S/ CRED,,"-138,69","592.491,88"
55,,LEY 12837-BS.AS.,,,
56,02/05/24,IMP. CRE. LEY 25413,,"-46,23","592.445,65"
57,02/05/24,IMP. DEB. LEY 25413,,"-0,83","592.444,82"
58,,,,,
59,02/05/24,ACREDITAMIENTO,"7.909,85",,"600.354,67"
60,,PRISMA-COMERCIOS,,,
61,,MAST EST.:0064538986,,,
62,02/05/24,ING. BRUTOS S/ CRED,,"-142,38","600.212,29"
63,,LEY 12837-BS.AS.,,,
64,02/05/24,IMP. CRE. LEY 25413,,"-47,46","600.164,83"
65,02/05/24,IMP. DEB. LEY 25413,,"-0,85","600.163,98"
66,02/05/24,ACREDITAMIENTO,"12.328,05",,"612.492,03"
67,,PRISMA-COMERCIOS,,,
68,,MAST EST.:0086629409,,,
69,02/05/24,ING. BRUTOS S/ CRED,,"-221,90","612.270,13"
70,,LEY 12837-BS.AS.,,,
71,02/05/24,IMP. CRE. LEY 25413,,"-73,97","612.196,16"
72,02/05/24,IMP. DEB. LEY 25413,,"-1,33","612.194,83"
73,02/05/24,ACREDITAMIENTO,"14.307,95",,"626.502,78"
74,,PRISMA-COMERCIOS,,,
75,,VISA EST.:0086629359,,,
76,02/05/24,ING. BRUTOS S/ CRED,,"-257,54","626.245,24"
77,,LEY 12837-BS.AS.,,,
78,02/05/24,IMP. CRE. LEY 25413,,"-85,85","626.159,39"
79,02/05/24,IMP. DEB. LEY 25413,,"-1,55","626.157,84"
80,02/05/24,ACREDITAMIENTO,"18.143,94",,"644.301,78"
81,,PRISMA-COMERCIOS,,,
82,,MAST EST.:0064565278,,,
83,02/05/24,ING. BRUTOS S/ CRED,,"-326,59","643.975,19"
84,,LEY 12837-BS.AS.,,,
85,02/05/24,IMP. CRE. LEY 25413,,"-108,86","643.866,33"
86,02/05/24,IMP. DEB. LEY 25413,,"-1,96","643.864,37"
87,02/05/24,ACREDITAMIENTO,"26.041,05",,"669.905,42"
88,,PRISMA-COMERCIOS,,,
89,,VISA EST.:0064538945,,,
90,02/05/24,ING. BRUTOS S/ CRED,,"-468,74","669.436,68"
91,,LEY 12837-BS.AS.,,,
92,02/05/24,IMP. CRE. LEY 25413,,"-156,25","669.280,43"
93,02/05/24,IMP. DEB. LEY 25413,,"-2,81","669.277,62"
94,02/05/24,ACREDITAMIENTO,"35.999,07",,"705.276,69"
95,,PRISMA-COMERCIOS,,,
96,,VISA EST.:0064567639,,,
97,,,,,
98,02/05/24,ING. BRUTOS S/ CRED,,"-647,98","704.628,71"
99,,LEY 12837-BS.AS.,,,
100,02/05/24,IMP. CRE. LEY 25413,,"-215,99","704.412,72"
101,02/05/24,IMP. DEB. LEY 25413,,"-3,89","704.408,83"
102,02/05/24,ACREDITAMIENTO,"36.194,13",,"740.602,96"
103,,PRISMA-COMERCIOS,,,
104,,VISA EST.:0064565229,,,
105,02/05/24,ING. BRUTOS S/ CRED,,"-651,49","739.951,47"
106,,LEY 12837-BS.AS.,,,
107,02/05/24,IMP. CRE. LEY 25413,,"-217,16","739.734,31"
108,02/05/24,IMP. DEB. LEY 25413,,"-3,91","739.730,40"
109,02/05/24,SERVICIO PAGO A PROVEEDORES,"4.412,68",,"744.143,08"
110,,TARJETA NARANJA S A,,,
111,,30685376349,,,
112,,PROVEEDORES,,,
113,,000000559255078,,,
114,02/05/24,ING. BRUTOS S/ CRED,,"-79,43","744.063,65"
115,,LEY 12837-BS.AS.,,,
116,02/05/24,IMP. CRE. LEY 25413,,"-26,48","744.037,17"
117,02/05/24,IMP. DEB. LEY 25413,,"-0,48","744.036,69"
118,02/05/24,COMPRA DEBITO 0792,,"-200.000,00","544.036,69"
119,,QUESERIA RAMA,,,
120,,4173090001012230,,,
121,02/05/24,IMP. DEB. LEY 25413,,"-1.200,00","542.836,69"
122,02/05/24,TRANSFERENCIA DE CUENTA 0074,"200.000,00",,"742.836,69"
123,,PROPIA,,,
124,,KIOSKACHO MAOS SRL,,,
125,,30717876667,,,
126,,00000000000000000000,,,
127,,520805218640,,,
128,,5046200141000000,,,
129,,VARIOS,,,
130,03/05/24,ACREDITAMIENTO,"926,56",,"743.763,25"
131,,PRISMA-COMERCIOS,,,
132,,MAST EST.:0086629409,,,
133,03/05/24,ING. BRUTOS S/ CRED,,"-16,68","743.746,57"
134,,LEY 12837-BS.AS.,,,
135,03/05/24,IMP. CRE. LEY 25413,,"-5,56","743.741,01"
136,03/05/24,IMP. DEB. LEY 25413,,"-0,10","743.740,91"
137,03/05/24,ACREDITAMIENTO,"1.755,58",,"745.496,49"
138,,PRISMA-COMERCIOS,,,
139,,,,,
140,03/05/24,ING. BRUTOS S/ CRED,,"-31,60","745.464,89"
141,,LEY 12837-BS.AS.,,,
142,03/05/24,IMP. CRE. LEY 25413,,"-10,53","745.454,36"
143,03/05/24,IMP. DEB. LEY 25413,,"-0,19","745.454,17"
144,03/05/24,ACREDITAMIENTO,"2.107,87",,"747.562,04"
145,,PRISMA-COMERCIOS,,,
146,,MAST EST.:0086629409,,,
147,03/05/24,ING. BRUTOS S/ CRED,,"-37,94","747.524,10"
148,,LEY 12837-BS.AS.,,,
149,03/05/24,IMP. CRE. LEY 25413,,"-12,65","747.511,45"
150,03/05/24,IMP. DEB. LEY 25413,,"-0,23","747.511,22"
151,03/05/24,ACREDITAMIENTO,"3.242,87",,"750.754,09"
152,,PRISMA-COMERCIOS,,,
153,,MAST EST.:0064565278,,,
154,03/05/24,ING. BRUTOS S/ CRED,,"-58,37","750.695,72"
155,,LEY 12837-BS.AS.,,,
156,03/05/24,IMP. CRE. LEY 25413,,"-19,46","750.676,26"
157,03/05/24,IMP. DEB. LEY 25413,,"-0,35","750.675,91"
158,03/05/24,ACREDITAMIENTO,"4.377,86",,"755.053,77"
159,,PRISMA-COMERCIOS,,,
160,,MAST EST.:0064565278,,,
161,03/05/24,ING. BRUTOS S/ CRED,,"-78,80","754.974,97"
162,,LEY 12837-BS.AS.,,,
163,03/05/24,IMP. CRE. LEY 25413,,"-26,27","754.948,70"
164,03/05/24,IMP. DEB. LEY 25413,,"-0,47","754.948,23"
165,03/05/24,ACREDITAMIENTO,"5.949,46",,"760.897,69"
166,,PRISMA-COMERCIOS,,,
167,,MAST EST.:0064565278,,,
168,03/05/24,ING. BRUTOS S/ CRED,,"-107,09","760.790,60"
169,,LEY 12837-BS.AS.,,,
170,03/05/24,IMP. CRE. LEY 25413,,"-35,70","760.754,90"
171,03/05/24,IMP. DEB. LEY 25413,,"-0,64","760.754,26"
172,03/05/24,ACREDITAMIENTO,"6.437,12",,"767.191,38"
173,,PRISMA-COMERCIOS,,,
174,,MAST EST.:0064567688,,,
175,03/05/24,ING. BRUTOS S/ CRED,,"-115,87","767.075,51"
176,,LEY 12837-BS.AS.,,,
177,,,,,
178,03/05/24,IMP. DEB. LEY 25413,,"-0,70","767.036,19"
179,03/05/24,ACREDITAMIENTO,"8.725,14",,"775.761,33"
180,,PRISMA-COMERCIOS,,,
181,,MAST EST.:0086629409,,,
182,03/05/24,ING. BRUTOS S/ CRED,,"-157,05","775.604,28"
183,,LEY 12837-BS.AS.,,,
184,03/05/24,IMP. CRE. LEY 25413,,"-52,35","775.551,93"
185,03/05/24,IMP. DEB. LEY 25413,,"-0,94","775.550,99"
186,03/05/24,ACREDITAMIENTO,"9.047,59",,"784.598,58"
187,,PRISMA-COMERCIOS,,,
188,,VISA EST.:0064567639,,,
189,03/05/24,ING. BRUTOS S/ CRED,,"-162,86","784.435,72"
190,,LEY 12837-BS.AS.,,,
191,03/05/24,IMP. CRE. LEY 25413,,"-54,29","784.381,43"
192,03/05/24,IMP. DEB. LEY 25413,,"-0,98","784.380,45"
193,03/05/24,ACREDITAMIENTO,"12.971,76",,"797.352,21"
194,,PRISMA-COMERCIOS,,,
195,,VISA EST.:0064565229,,,
196,03/05/24,ING. BRUTOS S/ CRED,,"-233,49","797.118,72"
197,,LEY 12837-BS.AS.,,,
198,03/05/24,IMP. CRE. LEY 25413,,"-77,83","797.040,89"
199,03/05/24,IMP. DEB. LEY 25413,,"-1,40","797.039,49"
200,03/05/24,ACREDITAMIENTO,"14.989,71",,"812.029,20"
201,,PRISMA-COMERCIOS,,,
202,,MAST EST.:0064538986,,,
203,03/05/24,ING. BRUTOS S/ CRED,,"-269,81","811.759,39"
204,,LEY 12837-BS.AS.,,,
205,03/05/24,IMP. CRE. LEY 25413,,"-89,94","811.669,45"
206,03/05/24,IMP. DEB. LEY 25413,,"-1,62","811.667,83"
207,03/05/24,ACREDITAMIENTO,"23.578,65",,"835.246,48"
208,,PRISMA-COMERCIOS,,,
209,,MAST EST.:0064567688,,,
210,03/05/24,ING. BRUTOS S/ CRED,,"-424,42","834.822,06"
211,,LEY 12837-BS.AS.,,,
212,03/05/24,IMP. CRE. LEY 25413,,"-141,47","834.680,59"
213,03/05/24,IMP. DEB. LEY 25413,,"-2,55","834.678,04"
214,,,,,
215,03/05/24,ACREDITAMIENTO,"28.303,79",,"862.981,83"
216,,PRISMA-COMERCIOS,,,
217,,VISA EST.:0086629359,,,
218,03/05/24,ING. BRUTOS S/ CRED,,"-509,47","862.472,36"
219,,LEY 12837-BS.AS.,,,
220,03/05/24,IMP. CRE. LEY 25413,,"-169,82","862.302,54"
221,03/05/24,IMP. DEB. LEY 25413,,"-3,06","862.299,48"
222,03/05/24,ACREDITAMIENTO,"29.085,03",,"891.384,51"
223,,PRISMA-COMERCIOS,,,
224,,VISA EST.:0064538945,,,
225,03/05/24,ING. BRUTOS S/ CRED,,"-523,53","890.860,98"
226,,LEY 12837-BS.AS.,,,
227,03/05/24,IMP. CRE. LEY 25413,,"-174,51","890.686,47"
228,03/05/24,IMP. DEB. LEY 25413,,"-3,14","890.683,33"
229,03/05/24,ACREDITAMIENTO,"174.523,77",,"1.065.207,10"
230,,PRISMA-COMERCIOS,,,
231,,VISA EST.:0064567639,,,
232,03/05/24,ING. BRUTOS S/ CRED,,"-3.141,43","1.062.065,67"
233,,LEY 12837-BS.AS.,,,
234,03/05/24,IMP. CRE. LEY 25413,,"-1.047,14","1.061.018,53"
235,03/05/24,IMP. DEB. LEY 25413,,"-18,85","1.060.999,68"
236,03/05/24,TRANSFERENCIA PEI,"97,53",,"1.061.097,21"
237,,KIOSKACHO MAOS SRL,,,
238,,71787666,,,
239,,01509315020001125466,,,
240,,93102112546,,,
241,,589244601588888888,,,
242,,PAGO CON TRANSF.,,,
243,03/05/24,TRANSFERENCIA PEI,"97,53",,"1.061.194,74"
244,,KIOSKACHO MAOS SRL,,,
245,,71787666,,,
246,,01509315020001125466,,,
247,,93102112546,,,
248,,589244601588888888,,,
249,,PAGO CON TRANSF.,,,
250,06/05/24,ACREDITAMIENTO,"770,83",,"1.061.965,57"
251,,PRISMA-COMERCIOS,,,
252,,MAST EST.:0097348734,,,
253,06/05/24,ING. BRUTOS S/ CRED,,"-13,87","1.061.951,70"
254,,LEY 12837-BS.AS.,,,
255,06/05/24,IMP. CRE. LEY 25413,,"-4,62","1.061.947,08"
256,06/05/24,IMP. DEB. LEY 25413,,"-0,08","1.061.947,00"
257,,,,,
258,06/05/24,ACREDITAMIENTO,"900,44",,"1.062.847,44"
259,,PRISMA-COMERCIOS,,,
260,,VISA EST.:0064565229,,,
261,06/05/24,ING. BRUTOS S/ CRED,,"-16,21","1.062.831,23"
262,,LEY 12837-BS.AS.,,,
263,06/05/24,IMP. CRE. LEY 25413,,"-5,40","1.062.825,83"
264,06/05/24,IMP. DEB. LEY 25413,,"-0,10","1.062.825,73"
265,06/05/24,ACREDITAMIENTO,"4.193,88",,"1.067.019,61"
266,,PRISMA-COMERCIOS,,,
267,,VISA EST.:0097348684,,,
268,06/05/24,ING. BRUTOS S/ CRED,,"-75,49","1.066.944,12"
269,,LEY 12837-BS.AS.,,,
270,06/05/24,IMP. CRE. LEY 25413,,"-25,16","1.066.918,96"
271,06/05/24,IMP. DEB. LEY 25413,,"-0,45","1.066.918,51"
272,06/05/24,ACREDITAMIENTO,"5.196,70",,"1.072.115,21"
273,,PRISMA-COMERCIOS,,,
274,,MAST EST.:0064567688,,,
275,06/05/24,ING. BRUTOS S/ CRED,,"-93,54","1.072.021,67"
276,,LEY 12837-BS.AS.,,,
277,06/05/24,IMP. CRE. LEY 25413,,"-31,18","1.071.990,49"
278,06/05/24,IMP. DEB. LEY 25413,,"-0,56","1.071.989,93"
279,06/05/24,ACREDITAMIENTO,"6.120,94",,"1.078.110,87"
280,,PRISMA-COMERCIOS,,,
281,,MAST EST.:0064565278,,,
282,06/05/24,ING. BRUTOS S/ CRED,,"-110,18","1.078.000,69"
283,,LEY 12837-BS.AS.,,,
284,06/05/24,IMP. CRE. LEY 25413,,"-36,73","1.077.963,96"
285,06/05/24,IMP. DEB. LEY 25413,,"-0,66","1.077.963,30"
286,06/05/24,ACREDITAMIENTO,"8.095,16",,"1.086.058,46"
287,,PRISMA-COMERCIOS,,,
288,,MAST EST.:0064565278,,,
289,06/05/24,ING. BRUTOS S/ CRED,,"-145,71","1.085.912,75"
290,,LEY 12837-BS.AS.,,,
291,06/05/24,IMP. CRE. LEY 25413,,"-48,57","1.085.864,18"
292,06/05/24,IMP. DEB. LEY 25413,,"-0,87","1.085.863,31"
293,06/05/24,ACREDITAMIENTO,"15.653,89",,"1.101.517,20"
294,,PRISMA-COMERCIOS,,,
295,,VISA EST.:0064565229,,,
296,,,,,
297,06/05/24,ING. BRUTOS S/ CRED,,"-281,77","1.101.235,43"
298,,LEY 12837-BS.AS.,,,
299,06/05/24,IMP. CRE. LEY 25413,,"-93,92","1.101.141,51"
300,06/05/24,IMP. DEB. LEY 25413,,"-1,69","1.101.139,82"
301,06/05/24,ACREDITAMIENTO,"19.555,17",,"1.120.694,99"
302,,PRISMA-COMERCIOS,,,
303,,VISA EST.:0086629359,,,
304,06/05/24,ING. BRUTOS S/ CRED,,"-351,99","1.120.343,00"
305,,LEY 12837-BS.AS.,,,
306,06/05/24,IMP. CRE. LEY 25413,,"-117,33","1.120.225,67"
307,06/05/24,IMP. DEB. LEY 25413,,"-2,11","1.120.223,56"
308,06/05/24,ACREDITAMIENTO,"21.291,24",,"1.141.514,80"
309,,PRISMA-COMERCIOS,,,
310,,MAST EST.:0064567688,,,
311,06/05/24,ING. BRUTOS S/ CRED,,"-383,24","1.141.131,56"
312,,LEY 12837-BS.AS.,,,
313,06/05/24,IMP. CRE. LEY 25413,,"-127,75","1.141.003,81"
314,06/05/24,IMP. DEB. LEY 25413,,"-2,30","1.141.001,51"
315,06/05/24,ACREDITAMIENTO,"41.632,50",,"1.182.634,01"
316,,PRISMA-COMERCIOS,,,
317,,VISA EST.:0064538945,,,
318,06/05/24,ING. BRUTOS S/ CRED,,"-749,39","1.181.884,62"
319,,LEY 12837-BS.AS.,,,
320,06/05/24,IMP. CRE. LEY 25413,,"-249,80","1.181.634,82"
321,06/05/24,IMP. DEB. LEY 25413,,"-4,50","1.181.630,32"
322,06/05/24,ACREDITAMIENTO,"79.259,39",,"1.260.889,71"
323,,PRISMA-COMERCIOS,,,
324,,VISA EST.:0064567639,,,
325,06/05/24,ING. BRUTOS S/ CRED,,"-1.426,67","1.259.463,04"
326,,LEY 12837-BS.AS.,,,
327,06/05/24,IMP. CRE. LEY 25413,,"-475,56","1.258.987,48"
328,06/05/24,IMP. DEB. LEY 25413,,"-8,56","1.258.978,92"
329,07/05/24,ACREDITAMIENTO,"751,00",,"1.259.729,92"
330,,PRISMA-COMERCIOS,,,
331,,MAST EST.:0097348734,,,
332,07/05/24,ING. BRUTOS S/ CRED,,"-13,52","1.259.716,40"
333,,LEY 12837-BS.AS.,,,
334,,,,,
335,07/05/24,IMP. DEB. LEY 25413,,"-0,08","1.259.711,81"
336,07/05/24,ACREDITAMIENTO,"780,26",,"1.260.492,07"
337,,PRISMA-COMERCIOS,,,
338,,VISA EST.:0097348684,,,
339,07/05/24,ING. BRUTOS S/ CRED,,"-14,04","1.260.478,03"
340,,LEY 12837-BS.AS.,,,
341,07/05/24,IMP. CRE. LEY 25413,,"-4,68","1.260.473,35"
342,07/05/24,IMP. DEB. LEY 25413,,"-0,08","1.260.473,27"
343,07/05/24,ACREDITAMIENTO,"1.621,44",,"1.262.094,71"
344,,PRISMA-COMERCIOS,,,
345,,VISA EST.:0064565229,,,
346,07/05/24,ING. BRUTOS S/ CRED,,"-29,19","1.262.065,52"
347,,LEY 12837-BS.AS.,,,
348,07/05/24,IMP. CRE. LEY 25413,,"-9,73","1.262.055,79"
349,07/05/24,IMP. DEB. LEY 25413,,"-0,18","1.262.055,61"
350,07/05/24,ACREDITAMIENTO,"1.856,54",,"1.263.912,15"
351,,PRISMA-COMERCIOS,,,
352,,VISA EST.:0086629359,,,
353,07/05/24,ING. BRUTOS S/ CRED,,"-33,42","1.263.878,73"
354,,LEY 12837-BS.AS.,,,
355,07/05/24,IMP. CRE. LEY 25413,,"-11,14","1.263.867,59"
356,07/05/24,IMP. DEB. LEY 25413,,"-0,20","1.263.867,39"
357,07/05/24,ACREDITAMIENTO,"2.149,32",,"1.266.016,71"
358,,PRISMA-COMERCIOS,,,
359,,MAST EST.:0064538986,,,
360,07/05/24,ING. BRUTOS S/ CRED,,"-38,69","1.265.978,02"
361,,LEY 12837-BS.AS.,,,
362,07/05/24,IMP. CRE. LEY 25413,,"-12,90","1.265.965,12"
363,07/05/24,IMP. DEB. LEY 25413,,"-0,23","1.265.964,89"
364,07/05/24,ACREDITAMIENTO,"2.269,08",,"1.268.233,97"
365,,PRISMA-COMERCIOS,,,
366,,VISA EST.:0064567639,,,
367,07/05/24,ING. BRUTOS S/ CRED,,"-40,84","1.268.193,13"
368,,LEY 12837-BS.AS.,,,
369,07/05/24,IMP. CRE. LEY 25413,,"-13,61","1.268.179,52"
370,07/05/24,IMP. DEB. LEY 25413,,"-0,25","1.268.179,27"
371,,,,,
372,07/05/24,ACREDITAMIENTO,"2.391,61",,"1.270.570,88"
373,,PRISMA-COMERCIOS,,,
374,,VISA EST.:0064565237,,,
375,07/05/24,ING. BRUTOS S/ CRED,,"-43,05","1.270.527,83"
376,,LEY 12837-BS.AS.,,,
377,07/05/24,IMP. CRE. LEY 25413,,"-14,35","1.270.513,48"
378,07/05/24,IMP. DEB. LEY 25413,,"-0,26","1.270.513,22"
379,07/05/24,ACREDITAMIENTO,"3.070,46",,"1.273.583,68"
380,,PRISMA-COMERCIOS,,,
381,,VISA EST.:0064538945,,,
382,07/05/24,ING. BRUTOS S/ CRED,,"-55,27","1.273.528,41"
383,,LEY 12837-BS.AS.,,,
384,07/05/24,IMP. CRE. LEY 25413,,"-18,42","1.273.509,99"
385,07/05/24,IMP. DEB. LEY 25413,,"-0,33","1.273.509,66"
386,07/05/24,ACREDITAMIENTO,"5.026,47",,"1.278.536,13"
387,,PRISMA-COMERCIOS,,,
388,,MAST EST.:0064565278,,,
389,07/05/24,ING. BRUTOS S/ CRED,,"-90,48","1.278.445,65"
390,,LEY 12837-BS.AS.,,,
391,07/05/24,IMP. CRE. LEY 25413,,"-30,16","1.278.415,49"
392,07/05/24,IMP. DEB. LEY 25413,,"-0,54","1.278.414,95"
393,07/05/24,ACREDITAMIENTO,"5.735,71",,"1.284.150,66"
394,,PRISMA-COMERCIOS,,,
395,,MAST EST.:0086629409,,,
396,07/05/24,ING. BRUTOS S/ CRED,,"-103,24","1.284.047,42"
397,,LEY 12837-BS.AS.,,,
398,07/05/24,IMP. CRE. LEY 25413,,"-34,41","1.284.013,01"
399,07/05/24,IMP. DEB. LEY 25413,,"-0,62","1.284.012,39"
400,07/05/24,ACREDITAMIENTO,"7.266,14",,"1.291.278,53"
401,,PRISMA-COMERCIOS,,,
402,,MAST EST.:0064565278,,,
403,07/05/24,ING. BRUTOS S/ CRED,,"-130,79","1.291.147,74"
404,,LEY 12837-BS.AS.,,,
405,07/05/24,IMP. CRE. LEY 25413,,"-43,60","1.291.104,14"
406,07/05/24,IMP. DEB. LEY 25413,,"-0,78","1.291.103,36"
407,07/05/24,ACREDITAMIENTO,"7.320,79",,"1.298.424,15"
408,,PRISMA-COMERCIOS,,,
409,,MAST EST.:0064567688,,,
410,,,,,
411,07/05/24,ING. BRUTOS S/ CRED,,"-131,77","1.298.292,38"
412,,LEY 12837-BS.AS.,,,
413,07/05/24,IMP. CRE. LEY 25413,,"-43,92","1.298.248,46"
414,07/05/24,IMP. DEB. LEY 25413,,"-0,79","1.298.247,67"
415,07/05/24,ACREDITAMIENTO,"9.511,32",,"1.307.758,99"
416,,PRISMA-COMERCIOS,,,
417,,MAST EST.:0064538986,,,
418,07/05/24,ING. BRUTOS S/ CRED,,"-171,20","1.307.587,79"
419,,LEY 12837-BS.AS.,,,
420,07/05/24,IMP. CRE. LEY 25413,,"-57,07","1.307.530,72"
421,07/05/24,IMP. DEB. LEY 25413,,"-1,03","1.307.529,69"
422,07/05/24,ACREDITAMIENTO,"30.790,86",,"1.338.320,55"
423,,PRISMA-COMERCIOS,,,
424,,MAST EST.:0064567688,,,
425,07/05/24,ING. BRUTOS S/ CRED,,"-554,24","1.337.766,31"
426,,LEY 12837-BS.AS.,,,
427,07/05/24,IMP. CRE. LEY 25413,,"-184,75","1.337.581,56"
428,07/05/24,IMP. DEB. LEY 25413,,"-3,33","1.337.578,23"
429,07/05/24,ACREDITAMIENTO,"37.588,84",,"1.375.167,07"
430,,PRISMA-COMERCIOS,,,
431,,VISA EST.:0086629359,,,
432,07/05/24,ING. BRUTOS S/ CRED,,"-676,60","1.374.490,47"
433,,LEY 12837-BS.AS.,,,
434,07/05/24,IMP. CRE. LEY 25413,,"-225,53","1.374.264,94"
435,07/05/24,IMP. DEB. LEY 25413,,"-4,06","1.374.260,88"
436,07/05/24,ACREDITAMIENTO,"43.596,81",,"1.417.857,69"
437,,PRISMA-COMERCIOS,,,
438,,VISA EST.:0064565229,,,
439,07/05/24,ING. BRUTOS S/ CRED,,"-784,74","1.417.072,95"
440,,LEY 12837-BS.AS.,,,
441,07/05/24,IMP. CRE. LEY 25413,,"-261,58","1.416.811,37"
442,07/05/24,IMP. DEB. LEY 25413,,"-4,71","1.416.806,66"
443,07/05/24,ACREDITAMIENTO,"62.909,12",,"1.479.715,78"
444,,PRISMA-COMERCIOS,,,
445,,VISA EST.:0064538945,,,
446,07/05/24,ING. BRUTOS S/ CRED,,"-1.132,36","1.478.583,42"
447,,LEY 12837-BS.AS.,,,
448,,,,,
449,07/05/24,IMP. DEB. LEY 25413,,"-6,79","1.478.199,18"
450,07/05/24,ACREDITAMIENTO,"103.276,64",,"1.581.475,82"
451,,PRISMA-COMERCIOS,,,
452,,VISA EST.:0064567639,,,
453,07/05/24,ING. BRUTOS S/ CRED,,"-1.858,98","1.579.616,84"
454,,LEY 12837-BS.AS.,,,
455,07/05/24,IMP. CRE. LEY 25413,,"-619,66","1.578.997,18"
456,07/05/24,IMP. DEB. LEY 25413,,"-11,15","1.578.986,03"
457,08/05/24,ACREDITAMIENTO,"773,02",,"1.579.759,05"
458,,PRISMA-COMERCIOS,,,
459,,VISA EST.:0064565229,,,
460,08/05/24,ING. BRUTOS S/ CRED,,"-13,91","1.579.745,14"
461,,LEY 12837-BS.AS.,,,
462,08/05/24,IMP. CRE. LEY 25413,,"-4,64","1.579.740,50"
463,08/05/24,IMP. DEB. LEY 25413,,"-0,08","1.579.740,42"
464,08/05/24,ACREDITAMIENTO,"1.459,29",,"1.581.199,71"
465,,PRISMA-COMERCIOS,,,
466,,VISA EST.:0064565229,,,
467,08/05/24,ING. BRUTOS S/ CRED,,"-26,27","1.581.173,44"
468,,LEY 12837-BS.AS.,,,
469,08/05/24,IMP. CRE. LEY 25413,,"-8,76","1.581.164,68"
470,08/05/24,IMP. DEB. LEY 25413,,"-0,16","1.581.164,52"
471,08/05/24,ACREDITAMIENTO,"1.755,58",,"1.582.920,10"
472,,PRISMA-COMERCIOS,,,
473,,MAST EST.:0064565278,,,
474,08/05/24,ING. BRUTOS S/ CRED,,"-31,60","1.582.888,50"
475,,LEY 12837-BS.AS.,,,
476,08/05/24,IMP. CRE. LEY 25413,,"-10,53","1.582.877,97"
477,08/05/24,IMP. DEB. LEY 25413,,"-0,19","1.582.877,78"
478,08/05/24,ACREDITAMIENTO,"1.804,35",,"1.584.682,13"
479,,PRISMA-COMERCIOS,,,
480,,MAST EST.:0064567688,,,
481,08/05/24,ING. BRUTOS S/ CRED,,"-32,48","1.584.649,65"
482,,LEY 12837-BS.AS.,,,
483,08/05/24,IMP. CRE. LEY 25413,,"-10,83","1.584.638,82"
484,08/05/24,IMP. DEB. LEY 25413,,"-0,19","1.584.638,63"
485,,,,,
486,08/05/24,ACREDITAMIENTO,"2.796,98",,"1.587.435,61"
487,,PRISMA-COMERCIOS,,,
488,,MAST EST.:0064567688,,,
489,08/05/24,ING. BRUTOS S/ CRED,,"-50,35","1.587.385,26"
490,,LEY 12837-BS.AS.,,,
491,08/05/24,IMP. CRE. LEY 25413,,"-16,78","1.587.368,48"
492,08/05/24,IMP. DEB. LEY 25413,,"-0,30","1.587.368,18"
493,08/05/24,ACREDITAMIENTO,"6.437,12",,"1.593.805,30"
494,,PRISMA-COMERCIOS,,,
495,,VISA EST.:0086629359,,,
496,08/05/24,ING. BRUTOS S/ CRED,,"-115,87","1.593.689,43"
497,,LEY 12837-BS.AS.,,,
498,08/05/24,IMP. CRE. LEY 25413,,"-38,62","1.593.650,81"
499,08/05/24,IMP. DEB. LEY 25413,,"-0,70","1.593.650,11"
500,08/05/24,ACREDITAMIENTO,"8.143,93",,"1.601.794,04"
501,,PRISMA-COMERCIOS,,,
502,,VISA EST.:0064565229,,,
503,08/05/24,ING. BRUTOS S/ CRED,,"-146,59","1.601.647,45"
504,,LEY 12837-BS.AS.,,,
505,08/05/24,IMP. CRE. LEY 25413,,"-48,86","1.601.598,59"
506,08/05/24,IMP. DEB. LEY 25413,,"-0,88","1.601.597,71"
507,08/05/24,ACREDITAMIENTO,"10.701,47",,"1.612.299,18"
508,,PRISMA-COMERCIOS,,,
509,,MAST EST.:0064565278,,,
510,08/05/24,ING. BRUTOS S/ CRED,,"-192,63","1.612.106,55"
511,,LEY 12837-BS.AS.,,,
512,08/05/24,IMP. CRE. LEY 25413,,"-64,21","1.612.042,34"
513,08/05/24,IMP. DEB. LEY 25413,,"-1,16","1.612.041,18"
514,08/05/24,ACREDITAMIENTO,"10.865,07",,"1.622.906,25"
515,,PRISMA-COMERCIOS,,,
516,,VISA EST.:0064567639,,,
517,08/05/24,ING. BRUTOS S/ CRED,,"-195,57","1.622.710,68"
518,,LEY 12837-BS.AS.,,,
519,08/05/24,IMP. CRE. LEY 25413,,"-65,19","1.622.645,49"
520,08/05/24,IMP. DEB. LEY 25413,,"-1,17","1.622.644,32"
521,08/05/24,ACREDITAMIENTO,"13.651,42",,"1.636.295,74"
522,,PRISMA-COMERCIOS,,,
523,,MAST EST.:0064538986,,,
524,,,,,
525,08/05/24,ING. BRUTOS S/ CRED,,"-245,73","1.636.050,01"
526,,LEY 12837-BS.AS.,,,
527,08/05/24,IMP. CRE. LEY 25413,,"-81,91","1.635.968,10"
528,08/05/24,IMP. DEB. LEY 25413,,"-1,47","1.635.966,63"
529,08/05/24,ACREDITAMIENTO,"29.365,92",,"1.665.332,55"
530,,PRISMA-COMERCIOS,,,
531,,VISA EST.:0064538945,,,
532,08/05/24,ING. BRUTOS S/ CRED,,"-528,59","1.664.803,96"
533,,LEY 12837-BS.AS.,,,
534,08/05/24,IMP. CRE. LEY 25413,,"-176,20","1.664.627,76"
535,08/05/24,IMP. DEB. LEY 25413,,"-3,17","1.664.624,59"
536,09/05/24,ACREDITAMIENTO,"1.216,08",,"1.665.840,67"
537,,PRISMA-COMERCIOS,,,
538,,VISA EST.:0064565229,,,
539,09/05/24,ING. BRUTOS S/ CRED,,"-21,89","1.665.818,78"
540,,LEY 12837-BS.AS.,,,
541,09/05/24,IMP. CRE. LEY 25413,,"-7,30","1.665.811,48"
542,09/05/24,IMP. DEB. LEY 25413,,"-0,13","1.665.811,35"
543,09/05/24,ACREDITAMIENTO,"1.350,65",,"1.667.162,00"
544,,PRISMA-COMERCIOS,,,
545,,VISA EST.:0064567639,,,
546,09/05/24,ING. BRUTOS S/ CRED,,"-24,31","1.667.137,69"
547,,LEY 12837-BS.AS.,,,
548,09/05/24,IMP. CRE. LEY 25413,,"-8,10","1.667.129,59"
549,09/05/24,IMP. DEB. LEY 25413,,"-0,15","1.667.129,44"
550,09/05/24,ACREDITAMIENTO,"1.548,74",,"1.668.678,18"
551,,PRISMA-COMERCIOS,,,
552,,VISA EST.:0064538945,,,
553,09/05/24,ING. BRUTOS S/ CRED,,"-27,88","1.668.650,30"
554,,LEY 12837-BS.AS.,,,
555,09/05/24,IMP. CRE. LEY 25413,,"-9,29","1.668.641,01"
556,09/05/24,IMP. DEB. LEY 25413,,"-0,17","1.668.640,84"
557,09/05/24,ACREDITAMIENTO,"1.560,52",,"1.670.201,36"
558,,PRISMA-COMERCIOS,,,
559,,MAST EST.:0097348734,,,
560,09/05/24,ING. BRUTOS S/ CRED,,"-28,09","1.670.173,27"
561,,LEY 12837-BS.AS.,,,
562,,,,,
563,09/05/24,IMP. DEB. LEY 25413,,"-0,17","1.670.163,74"
564,09/05/24,ACREDITAMIENTO,"1.884,23",,"1.672.047,97"
565,,PRISMA-COMERCIOS,,,
566,,MAST EST.:0097348734,,,
567,09/05/24,ING. BRUTOS S/ CRED,,"-33,92","1.672.014,05"
568,,LEY 12837-BS.AS.,,,
569,09/05/24,IMP. CRE. LEY 25413,,"-11,31","1.672.002,74"
570,09/05/24,IMP. DEB. LEY 25413,,"-0,20","1.672.002,54"
571,09/05/24,ACREDITAMIENTO,"2.500,89",,"1.674.503,43"
572,,PRISMA-COMERCIOS,,,
573,,VISA EST.:0097348684,,,
574,09/05/24,ING. BRUTOS S/ CRED,,"-45,02","1.674.458,41"
575,,LEY 12837-BS.AS.,,,
576,09/05/24,IMP. CRE. LEY 25413,,"-15,01","1.674.443,40"
577,09/05/24,IMP. DEB. LEY 25413,,"-0,27","1.674.443,13"
578,09/05/24,ACREDITAMIENTO,"2.925,96",,"1.677.369,09"
579,,PRISMA-COMERCIOS,,,
580,,MAST EST.:0086629409,,,
581,09/05/24,ING. BRUTOS S/ CRED,,"-52,67","1.677.316,42"
582,,LEY 12837-BS.AS.,,,
583,09/05/24,IMP. CRE. LEY 25413,,"-17,56","1.677.298,86"
584,09/05/24,IMP. DEB. LEY 25413,,"-0,32","1.677.298,54"
585,09/05/24,ACREDITAMIENTO,"3.250,99",,"1.680.549,53"
586,,PRISMA-COMERCIOS,,,
587,,MAST EST.:0064567688,,,
588,09/05/24,ING. BRUTOS S/ CRED,,"-58,52","1.680.491,01"
589,,LEY 12837-BS.AS.,,,
590,09/05/24,IMP. CRE. LEY 25413,,"-19,51","1.680.471,50"
591,09/05/24,IMP. DEB. LEY 25413,,"-0,35","1.680.471,15"
592,09/05/24,ACREDITAMIENTO,"3.803,75",,"1.684.274,90"
593,,PRISMA-COMERCIOS,,,
594,,MAST EST.:0064565278,,,
595,09/05/24,ING. BRUTOS S/ CRED,,"-68,47","1.684.206,43"
596,,LEY 12837-BS.AS.,,,
597,09/05/24,IMP. CRE. LEY 25413,,"-22,82","1.684.183,61"
598,09/05/24,IMP. DEB. LEY 25413,,"-0,41","1.684.183,20"
599,,,,,
600,09/05/24,ACREDITAMIENTO,"5.217,97",,"1.689.401,17"
601,,PRISMA-COMERCIOS,,,
602,,MAST EST.:0064538986,,,
603,09/05/24,ING. BRUTOS S/ CRED,,"-93,92","1.689.307,25"
604,,LEY 12837-BS.AS.,,,
605,09/05/24,IMP. CRE. LEY 25413,,"-31,31","1.689.275,94"
606,09/05/24,IMP. DEB. LEY 25413,,"-0,56","1.689.275,38"
607,09/05/24,ACREDITAMIENTO,"5.461,80",,"1.694.737,18"
608,,PRISMA-COMERCIOS,,,
609,,VISA EST.:0097348684,,,
610,09/05/24,ING. BRUTOS S/ CRED,,"-98,31","1.694.638,87"
611,,LEY 12837-BS.AS.,,,
612,09/05/24,IMP. CRE. LEY 25413,,"-32,77","1.694.606,10"
613,09/05/24,IMP. DEB. LEY 25413,,"-0,59","1.694.605,51"
614,09/05/24,ACREDITAMIENTO,"7.361,31",,"1.701.966,82"
615,,PRISMA-COMERCIOS,,,
616,,MAST EST.:0064565278,,,
617,09/05/24,ING. BRUTOS S/ CRED,,"-132,50","1.701.834,32"
618,,LEY 12837-BS.AS.,,,
619,09/05/24,IMP. CRE. LEY 25413,,"-44,17","1.701.790,15"
620,09/05/24,IMP. DEB. LEY 25413,,"-0,80","1.701.789,35"
621,09/05/24,ACREDITAMIENTO,"18.726,15",,"1.720.515,50"
622,,PRISMA-COMERCIOS,,,
623,,VISA EST.:0064565229,,,
624,09/05/24,ING. BRUTOS S/ CRED,,"-337,07","1.720.178,43"
625,,LEY 12837-BS.AS.,,,
626,09/05/24,IMP. CRE. LEY 25413,,"-112,36","1.720.066,07"
627,09/05/24,IMP. DEB. LEY 25413,,"-2,02","1.720.064,05"
628,09/05/24,ACREDITAMIENTO,"20.452,47",,"1.740.516,52"
629,,PRISMA-COMERCIOS,,,
630,,VISA EST.:0086629359,,,
631,09/05/24,ING. BRUTOS S/ CRED,,"-368,14","1.740.148,38"
632,,LEY 12837-BS.AS.,,,
633,09/05/24,IMP. CRE. LEY 25413,,"-122,71","1.740.025,67"
634,09/05/24,IMP. DEB. LEY 25413,,"-2,21","1.740.023,46"
635,09/05/24,ACREDITAMIENTO,"33.112,12",,"1.773.135,58"
636,,PRISMA-COMERCIOS,,,
637,,VISA EST.:0064538945,,,
638,,,,,
639,09/05/24,ING. BRUTOS S/ CRED,,"-596,02","1.772.539,56"
640,,LEY 12837-BS.AS.,,,
641,09/05/24,IMP. CRE. LEY 25413,,"-198,67","1.772.340,89"
642,09/05/24,IMP. DEB. LEY 25413,,"-3,58","1.772.337,31"
643,09/05/24,ACREDITAMIENTO,"52.101,60",,"1.824.438,91"
644,,PRISMA-COMERCIOS,,,
645,,VISA EST.:0064567639,,,
646,09/05/24,ING. BRUTOS S/ CRED,,"-937,83","1.823.501,08"
647,,LEY 12837-BS.AS.,,,
648,09/05/24,IMP. CRE. LEY 25413,,"-312,61","1.823.188,47"
649,09/05/24,IMP. DEB. LEY 25413,,"-5,63","1.823.182,84"
650,09/05/24,TRANSFERENCIA PEI,"1.170,38",,"1.824.353,22"
651,,GABRIEL DA CUNHA REU,,,
652,,96278134,,,
653,,01509315020001125466,,,
654,,93102112546,,,
655,,589244601588888888,,,
656,,PAGO CON TRANSF.,,,
657,09/05/24,COMPRA DEBITO 0082,,"-694.692,44","1.129.660,78"
658,,NINI SUPERMERCADO,,,
659,,4173090001012230,,,
660,09/05/24,IMP. DEB. LEY 25413,,"-4.168,15","1.125.492,63"
661,09/05/24,TRANSFERENCIA PEI,"3.511,15",,"1.129.003,78"
662,,MATSUO EZEQUIEL,,,
663,,42675123,,,
664,,01509315020001125466,,,
665,,93102112546,,,
666,,589244601588888888,,,
667,,PAGO CON TRANSF.,,,
668,10/05/24,ACREDITAMIENTO,"1.386,66",,"1.130.390,44"
669,,PRISMA-COMERCIOS,,,
670,,MAST EST.:0064538986,,,
671,10/05/24,ING. BRUTOS S/ CRED,,"-24,96","1.130.365,48"
672,,LEY 12837-BS.AS.,,,
673,10/05/24,IMP. CRE. LEY 25413,,"-8,32","1.130.357,16"
674,10/05/24,IMP. DEB. LEY 25413,,"-0,15","1.130.357,01"
675,10/05/24,ACREDITAMIENTO,"1.621,44",,"1.131.978,45"
676,,PRISMA-COMERCIOS,,,
677,,MAST EST.:0064565278,,,
678,10/05/24,ING. BRUTOS S/ CRED,,"-29,19","1.131.949,26"
679,,LEY 12837-BS.AS.,,,
680,10/05/24,IMP. CRE. LEY 25413,,"-9,73","1.131.939,53"
681,,,,,
682,10/05/24,IMP. DEB. LEY 25413,,"-0,18","1.131.939,35"
683,10/05/24,ACREDITAMIENTO,"2.480,79",,"1.134.420,14"
684,,PRISMA-COMERCIOS,,,
685,,VISA EST.:0064567639,,,
686,10/05/24,ING. BRUTOS S/ CRED,,"-44,65","1.134.375,49"
687,,LEY 12837-BS.AS.,,,
688,10/05/24,IMP. CRE. LEY 25413,,"-14,88","1.134.360,61"
689,10/05/24,IMP. DEB. LEY 25413,,"-0,27","1.134.360,34"
690,10/05/24,ACREDITAMIENTO,"3.115,49",,"1.137.475,83"
691,,PRISMA-COMERCIOS,,,
692,,VISA EST.:0064538945,,,
693,10/05/24,ING. BRUTOS S/ CRED,,"-56,08","1.137.419,75"
694,,LEY 12837-BS.AS.,,,
695,10/05/24,IMP. CRE. LEY 25413,,"-18,69","1.137.401,06"
696,10/05/24,IMP. DEB. LEY 25413,,"-0,34","1.137.400,72"
697,10/05/24,ACREDITAMIENTO,"4.904,84",,"1.142.305,56"
698,,PRISMA-COMERCIOS,,,
699,,MAST EST.:0064567688,,,
700,10/05/24,ING. BRUTOS S/ CRED,,"-88,29","1.142.217,27"
701,,LEY 12837-BS.AS.,,,
702,10/05/24,IMP. CRE. LEY 25413,,"-29,43","1.142.187,84"
703,10/05/24,IMP. DEB. LEY 25413,,"-0,53","1.142.187,31"
704,10/05/24,ACREDITAMIENTO,"5.910,44",,"1.148.097,75"
705,,PRISMA-COMERCIOS,,,
706,,MAST EST.:0064567688,,,
707,10/05/24,ING. BRUTOS S/ CRED,,"-106,39","1.147.991,36"
708,,LEY 12837-BS.AS.,,,
709,10/05/24,IMP. CRE. LEY 25413,,"-35,46","1.147.955,90"
710,10/05/24,IMP. DEB. LEY 25413,,"-0,64","1.147.955,26"
711,10/05/24,ACREDITAMIENTO,"6.156,22",,"1.154.111,48"
712,,PRISMA-COMERCIOS,,,
713,,MAST EST.:0064538986,,,
714,10/05/24,ING. BRUTOS S/ CRED,,"-110,81","1.154.000,67"
715,,LEY 12837-BS.AS.,,,
716,10/05/24,IMP. CRE. LEY 25413,,"-36,94","1.153.963,73"
717,10/05/24,IMP. DEB. LEY 25413,,"-0,66","1.153.963,07"
718,,,,,
719,10/05/24,ACREDITAMIENTO,"6.167,91",,"1.160.130,98"
720,,PRISMA-COMERCIOS,,,
721,,VISA EST.:0064565229,,,
722,10/05/24,ING. BRUTOS S/ CRED,,"-111,02","1.160.019,96"
723,,LEY 12837-BS.AS.,,,
724,10/05/24,IMP. CRE. LEY 25413,,"-37,01","1.159.982,95"
725,10/05/24,IMP. DEB. LEY 25413,,"-0,67","1.159.982,28"
726,10/05/24,ACREDITAMIENTO,"7.607,50",,"1.167.589,78"
727,,PRISMA-COMERCIOS,,,
728,,VISA EST.:0064565229,,,
729,10/05/24,ING. BRUTOS S/ CRED,,"-136,94","1.167.452,84"
730,,LEY 12837-BS.AS.,,,
731,10/05/24,IMP. CRE. LEY 25413,,"-45,65","1.167.407,19"
732,10/05/24,IMP. DEB. LEY 25413,,"-0,82","1.167.406,37"
733,10/05/24,ACREDITAMIENTO,"7.831,49",,"1.175.237,86"
734,,PRISMA-COMERCIOS,,,
735,,MAST EST.:0064538986,,,
736,10/05/24,ING. BRUTOS S/ CRED,,"-140,97","1.175.096,89"
737,,LEY 12837-BS.AS.,,,
738,10/05/24,IMP. CRE. LEY 25413,,"-46,99","1.175.049,90"
739,10/05/24,IMP. DEB. LEY 25413,,"-0,85","1.175.049,05"
740,10/05/24,ACREDITAMIENTO,"8.387,76",,"1.183.436,81"
741,,PRISMA-COMERCIOS,,,
742,,MAST EST.:0064565278,,,
743,10/05/24,ING. BRUTOS S/ CRED,,"-150,98","1.183.285,83"
744,,LEY 12837-BS.AS.,,,
745,10/05/24,IMP. CRE. LEY 25413,,"-50,33","1.183.235,50"
746,10/05/24,IMP. DEB. LEY 25413,,"-0,91","1.183.234,59"
747,10/05/24,ACREDITAMIENTO,"9.392,34",,"1.192.626,93"
748,,PRISMA-COMERCIOS,,,
749,,VISA EST.:0064567639,,,
750,10/05/24,ING. BRUTOS S/ CRED,,"-169,06","1.192.457,87"
751,,LEY 12837-BS.AS.,,,
752,10/05/24,IMP. CRE. LEY 25413,,"-56,35","1.192.401,52"
753,10/05/24,IMP. DEB. LEY 25413,,"-1,01","1.192.400,51"
754,10/05/24,ACREDITAMIENTO,"11.216,18",,"1.203.616,69"
755,,PRISMA-COMERCIOS,,,
756,,VISA EST.:0064538945,,,
757,,,,,
758,10/05/24,ING. BRUTOS S/ CRED,,"-201,89","1.203.414,80"
759,,LEY 12837-BS.AS.,,,
760,10/05/24,IMP. CRE. LEY 25413,,"-67,30","1.203.347,50"
761,10/05/24,IMP. DEB. LEY 25413,,"-1,21","1.203.346,29"
762,10/05/24,TRANSF INMED CP,,"-700.000,00","503.346,29"
763,,KIOSKACHO MAOS SRL,,,
764,,30717876667,,,
765,,0195469350,,,
766,,TRANSF.PROPIAS,,,
767,,BANCO DE LA PROVINCI,,,
768,13/05/24,ACREDITAMIENTO,"1.365,45",,"504.711,74"
769,,PRISMA-COMERCIOS,,,
770,,VISA EST.:0097348684,,,
771,13/05/24,ING. BRUTOS S/ CRED,,"-24,58","504.687,16"
772,,LEY 12837-BS.AS.,,,
773,13/05/24,IMP. CRE. LEY 25413,,"-8,19","504.678,97"
774,13/05/24,IMP. DEB. LEY 25413,,"-0,15","504.678,82"
775,13/05/24,ACREDITAMIENTO,"1.459,29",,"506.138,11"
776,,PRISMA-COMERCIOS,,,
777,,VISA EST.:0064565229,,,
778,13/05/24,ING. BRUTOS S/ CRED,,"-26,27","506.111,84"
779,,LEY 12837-BS.AS.,,,
780,13/05/24,IMP. CRE. LEY 25413,,"-8,76","506.103,08"
781,13/05/24,IMP. DEB. LEY 25413,,"-0,16","506.102,92"
782,13/05/24,ACREDITAMIENTO,"1.621,44",,"507.724,36"
783,,PRISMA-COMERCIOS,,,
784,,VISA EST.:0064567639,,,
785,13/05/24,ING. BRUTOS S/ CRED,,"-29,19","507.695,17"
786,,LEY 12837-BS.AS.,,,
787,13/05/24,IMP. CRE. LEY 25413,,"-9,73","507.685,44"
788,13/05/24,IMP. DEB. LEY 25413,,"-0,18","507.685,26"
789,13/05/24,ACREDITAMIENTO,"1.628,79",,"509.314,05"
790,,PRISMA-COMERCIOS,,,
791,,MAST EST.:0064567688,,,
792,13/05/24,ING. BRUTOS S/ CRED,,"-29,32","509.284,73"
793,,LEY 12837-BS.AS.,,,
794,13/05/24,IMP. CRE. LEY 25413,,"-9,77","509.274,96"
795,13/05/24,IMP. DEB. LEY 25413,,"-0,18","509.274,78"
796,,,,,
797,13/05/24,ACREDITAMIENTO,"3.072,26",,"512.347,04"
798,,PRISMA-COMERCIOS,,,
799,,MAST EST.:0097348734,,,
800,13/05/24,ING. BRUTOS S/ CRED,,"-55,30","512.291,74"
801,,LEY 12837-BS.AS.,,,
802,13/05/24,IMP. CRE. LEY 25413,,"-18,43","512.273,31"
803,13/05/24,IMP. DEB. LEY 25413,,"-0,33","512.272,98"
804,13/05/24,ACREDITAMIENTO,"4.053,59",,"516.326,57"
805,,PRISMA-COMERCIOS,,,
806,,MAST EST.:0064567688,,,
807,13/05/24,ING. BRUTOS S/ CRED,,"-72,96","516.253,61"
808,,LEY 12837-BS.AS.,,,
809,13/05/24,IMP. CRE. LEY 25413,,"-24,32","516.229,29"
810,13/05/24,IMP. DEB. LEY 25413,,"-0,44","516.228,85"
811,13/05/24,ACREDITAMIENTO,"4.535,24",,"520.764,09"
812,,PRISMA-COMERCIOS,,,
813,,VISA EST.:0086629359,,,
814,13/05/24,ING. BRUTOS S/ CRED,,"-81,63","520.682,46"
815,,LEY 12837-BS.AS.,,,
816,13/05/24,IMP. CRE. LEY 25413,,"-27,21","520.655,25"
817,13/05/24,IMP. DEB. LEY 25413,,"-0,49","520.654,76"
818,13/05/24,ACREDITAMIENTO,"5.837,20",,"526.491,96"
819,,PRISMA-COMERCIOS,,,
820,,MAST EST.:0064565278,,,
821,13/05/24,ING. BRUTOS S/ CRED,,"-105,07","526.386,89"
822,,LEY 12837-BS.AS.,,,
823,13/05/24,IMP. CRE. LEY 25413,,"-35,02","526.351,87"
824,13/05/24,IMP. DEB. LEY 25413,,"-0,63","526.351,24"
825,13/05/24,ACREDITAMIENTO,"7.461,20",,"533.812,44"
826,,PRISMA-COMERCIOS,,,
827,,MAST EST.:0064565278,,,
828,13/05/24,ING. BRUTOS S/ CRED,,"-134,30","533.678,14"
829,,LEY 12837-BS.AS.,,,
830,13/05/24,IMP. CRE. LEY 25413,,"-44,77","533.633,37"
831,13/05/24,IMP. DEB. LEY 25413,,"-0,81","533.632,56"
832,13/05/24,ACREDITAMIENTO,"8.329,24",,"541.961,80"
833,,PRISMA-COMERCIOS,,,
834,,MAST EST.:0086629409,,,
835,,,,,
836,13/05/24,ING. BRUTOS S/ CRED,,"-149,93","541.811,87"
837,,LEY 12837-BS.AS.,,,
838,13/05/24,IMP. CRE. LEY 25413,,"-49,98","541.761,89"
839,13/05/24,IMP. DEB. LEY 25413,,"-0,90","541.760,99"
840,13/05/24,ACREDITAMIENTO,"9.460,61",,"551.221,60"
841,,PRISMA-COMERCIOS,,,
842,,VISA EST.:0064565229,,,
843,13/05/24,ING. BRUTOS S/ CRED,,"-170,29","551.051,31"
844,,LEY 12837-BS.AS.,,,
845,13/05/24,IMP. CRE. LEY 25413,,"-56,76","550.994,55"
846,13/05/24,IMP. DEB. LEY 25413,,"-1,02","550.993,53"
847,13/05/24,ACREDITAMIENTO,"34.984,73",,"585.978,26"
848,,PRISMA-COMERCIOS,,,
849,,VISA EST.:0064567639,,,
850,13/05/24,ING. BRUTOS S/ CRED,,"-629,73","585.348,53"
851,,LEY 12837-BS.AS.,,,
852,13/05/24,IMP. CRE. LEY 25413,,"-209,91","585.138,62"
853,13/05/24,IMP. DEB. LEY 25413,,"-3,78","585.134,84"
854,13/05/24,ACREDITAMIENTO,"42.340,59",,"627.475,43"
855,,PRISMA-COMERCIOS,,,
856,,VISA EST.:0064538945,,,
857,13/05/24,ING. BRUTOS S/ CRED,,"-762,13","626.713,30"
858,,LEY 12837-BS.AS.,,,
859,13/05/24,IMP. CRE. LEY 25413,,"-254,04","626.459,26"
860,13/05/24,IMP. DEB. LEY 25413,,"-4,57","626.454,69"
861,13/05/24,COMPRA DEBITO 0833,,"-139.360,00","487.094,69"
862,,MONITOREO VIAL MISIO,,,
863,,4173090001012230,,,
864,13/05/24,IMP. DEB. LEY 25413,,"-836,16","486.258,53"
865,14/05/24,ACREDITAMIENTO,"2.184,00",,"488.442,53"
866,,PRISMA-COMERCIOS,,,
867,,MAST EST.:0097348734,,,
868,14/05/24,ING. BRUTOS S/ CRED,,"-39,31","488.403,22"
869,,LEY 12837-BS.AS.,,,
870,14/05/24,IMP. CRE. LEY 25413,,"-13,10","488.390,12"
871,14/05/24,IMP. DEB. LEY 25413,,"-0,24","488.389,88"
872,,,,,
873,14/05/24,ACREDITAMIENTO,"2.340,77",,"490.730,65"
874,,PRISMA-COMERCIOS,,,
875,,MAST EST.:0097348734,,,
876,14/05/24,ING. BRUTOS S/ CRED,,"-42,13","490.688,52"
877,,LEY 12837-BS.AS.,,,
878,14/05/24,IMP. CRE. LEY 25413,,"-14,04","490.674,48"
879,14/05/24,IMP. DEB. LEY 25413,,"-0,25","490.674,23"
880,14/05/24,ACREDITAMIENTO,"2.529,44",,"493.203,67"
881,,PRISMA-COMERCIOS,,,
882,,VISA EST.:0064567639,,,
883,14/05/24,ING. BRUTOS S/ CRED,,"-45,53","493.158,14"
884,,LEY 12837-BS.AS.,,,
885,14/05/24,IMP. CRE. LEY 25413,,"-15,18","493.142,96"
886,14/05/24,IMP. DEB. LEY 25413,,"-0,27","493.142,69"
887,14/05/24,ACREDITAMIENTO,"2.862,57",,"496.005,26"
888,,PRISMA-COMERCIOS,,,
889,,MAST EST.:0064538986,,,
890,14/05/24,ING. BRUTOS S/ CRED,,"-51,53","495.953,73"
891,,LEY 12837-BS.AS.,,,
892,14/05/24,IMP. CRE. LEY 25413,,"-17,18","495.936,55"
893,14/05/24,IMP. DEB. LEY 25413,,"-0,31","495.936,24"
894,14/05/24,ACREDITAMIENTO,"3.988,72",,"499.924,96"
895,,PRISMA-COMERCIOS,,,
896,,VISA EST.:0086629359,,,
897,14/05/24,ING. BRUTOS S/ CRED,,"-71,80","499.853,16"
898,,LEY 12837-BS.AS.,,,
899,14/05/24,IMP. CRE. LEY 25413,,"-23,93","499.829,23"
900,14/05/24,IMP. DEB. LEY 25413,,"-0,43","499.828,80"
901,14/05/24,ACREDITAMIENTO,"4.686,74",,"504.515,54"
902,,PRISMA-COMERCIOS,,,
903,,VISA EST.:0064538945,,,
904,14/05/24,ING. BRUTOS S/ CRED,,"-84,36","504.431,18"
905,,LEY 12837-BS.AS.,,,
906,14/05/24,IMP. CRE. LEY 25413,,"-28,12","504.403,06"
907,14/05/24,IMP. DEB. LEY 25413,,"-0,51","504.402,55"
908,14/05/24,ACREDITAMIENTO,"5.110,68",,"509.513,23"
909,,PRISMA-COMERCIOS,,,
910,,VISA EST.:0097348684,,,
911,,,,,
912,14/05/24,ING. BRUTOS S/ CRED,,"-91,99","509.421,24"
913,,LEY 12837-BS.AS.,,,
914,14/05/24,IMP. CRE. LEY 25413,,"-30,66","509.390,58"
915,14/05/24,IMP. DEB. LEY 25413,,"-0,55","509.390,03"
916,14/05/24,ACREDITAMIENTO,"5.529,10",,"514.919,13"
917,,PRISMA-COMERCIOS,,,
918,,MAST EST.:0086629409,,,
919,14/05/24,ING. BRUTOS S/ CRED,,"-99,52","514.819,61"
920,,LEY 12837-BS.AS.,,,
921,14/05/24,IMP. CRE. LEY 25413,,"-33,17","514.786,44"
922,14/05/24,IMP. DEB. LEY 25413,,"-0,60","514.785,84"
923,14/05/24,ACREDITAMIENTO,"5.825,75",,"520.611,59"
924,,PRISMA-COMERCIOS,,,
925,,MAST EST.:0086629409,,,
926,14/05/24,ING. BRUTOS S/ CRED,,"-104,86","520.506,73"
927,,LEY 12837-BS.AS.,,,
928,14/05/24,IMP. CRE. LEY 25413,,"-34,95","520.471,78"
929,14/05/24,IMP. DEB. LEY 25413,,"-0,63","520.471,15"
930,14/05/24,ACREDITAMIENTO,"6.972,19",,"527.443,34"
931,,PRISMA-COMERCIOS,,,
932,,MAST EST.:0064565278,,,
933,14/05/24,ING. BRUTOS S/ CRED,,"-125,50","527.317,84"
934,,LEY 12837-BS.AS.,,,
935,14/05/24,IMP. CRE. LEY 25413,,"-41,83","527.276,01"
936,14/05/24,IMP. DEB. LEY 25413,,"-0,75","527.275,26"
937,14/05/24,ACREDITAMIENTO,"8.082,83",,"535.358,09"
938,,PRISMA-COMERCIOS,,,
939,,MAST EST.:0064567688,,,
940,14/05/24,ING. BRUTOS S/ CRED,,"-145,49","535.212,60"
941,,LEY 12837-BS.AS.,,,
942,14/05/24,IMP. CRE. LEY 25413,,"-48,50","535.164,10"
943,14/05/24,IMP. DEB. LEY 25413,,"-0,87","535.163,23"
944,14/05/24,ACREDITAMIENTO,"12.971,76",,"548.134,99"
945,,PRISMA-COMERCIOS,,,
946,,MAST EST.:0064565278,,,
947,14/05/24,ING. BRUTOS S/ CRED,,"-233,49","547.901,50"
948,,LEY 12837-BS.AS.,,,
949,,,,,
950,14/05/24,IMP. DEB. LEY 25413,,"-1,40","547.822,27"
951,14/05/24,ACREDITAMIENTO,"14.346,96",,"562.169,23"
952,,PRISMA-COMERCIOS,,,
953,,MAST EST.:0086629409,,,
954,14/05/24,ING. BRUTOS S/ CRED,,"-258,25","561.910,98"
955,,LEY 12837-BS.AS.,,,
956,14/05/24,IMP. CRE. LEY 25413,,"-86,08","561.824,90"
957,14/05/24,IMP. DEB. LEY 25413,,"-1,55","561.823,35"
958,14/05/24,ACREDITAMIENTO,"17.945,89",,"579.769,24"
959,,PRISMA-COMERCIOS,,,
960,,MAST EST.:0064567688,,,
961,14/05/24,ING. BRUTOS S/ CRED,,"-323,03","579.446,21"
962,,LEY 12837-BS.AS.,,,
963,14/05/24,IMP. CRE. LEY 25413,,"-107,68","579.338,53"
964,14/05/24,IMP. DEB. LEY 25413,,"-1,94","579.336,59"
965,14/05/24,ACREDITAMIENTO,"27.065,13",,"606.401,72"
966,,PRISMA-COMERCIOS,,,
967,,VISA EST.:0064565229,,,
968,14/05/24,ING. BRUTOS S/ CRED,,"-487,17","605.914,55"
969,,LEY 12837-BS.AS.,,,
970,14/05/24,IMP. CRE. LEY 25413,,"-162,39","605.752,16"
971,14/05/24,IMP. DEB. LEY 25413,,"-2,92","605.749,24"
972,14/05/24,ACREDITAMIENTO,"35.599,18",,"641.348,42"
973,,PRISMA-COMERCIOS,,,
974,,VISA EST.:0086629359,,,
975,14/05/24,ING. BRUTOS S/ CRED,,"-640,79","640.707,63"
976,,LEY 12837-BS.AS.,,,
977,14/05/24,IMP. CRE. LEY 25413,,"-213,60","640.494,03"
978,14/05/24,IMP. DEB. LEY 25413,,"-3,84","640.490,19"
979,14/05/24,ACREDITAMIENTO,"66.187,64",,"706.677,83"
980,,PRISMA-COMERCIOS,,,
981,,VISA EST.:0064538945,,,
982,14/05/24,ING. BRUTOS S/ CRED,,"-1.191,38","705.486,45"
983,,LEY 12837-BS.AS.,,,
984,14/05/24,IMP. CRE. LEY 25413,,"-397,13","705.089,32"
985,14/05/24,IMP. DEB. LEY 25413,,"-7,15","705.082,17"
986,,,,,
987,14/05/24,ACREDITAMIENTO,"127.111,51",,"832.193,68"
988,,PRISMA-COMERCIOS,,,
989,,VISA EST.:0064567639,,,
990,14/05/24,ING. BRUTOS S/ CRED,,"-2.288,01","829.905,67"
991,,LEY 12837-BS.AS.,,,
992,14/05/24,IMP. CRE. LEY 25413,,"-762,67","829.143,00"
993,14/05/24,IMP. DEB. LEY 25413,,"-13,73","829.129,27"
994,14/05/24,COMPRA DEBITO 0792,,"-209.065,92","620.063,35"
995,,QUESERIA RAMA,,,
996,,4173090001012230,,,
997,14/05/24,IMP. DEB. LEY 25413,,"-1.254,40","618.808,95"
998,14/05/24,SERVICIO PAGO A PROVEEDORES,"2.224,80",,"621.033,75"
999,,TARJETA NARANJA S A,,,
1000,,30685376349,,,
1001,,PROVEEDORES,,,
1002,,000000559255078,,,
1003,14/05/24,ING. BRUTOS S/ CRED,,"-40,05","620.993,70"
1004,,LEY 12837-BS.AS.,,,
1005,14/05/24,IMP. CRE. LEY 25413,,"-13,35","620.980,35"
1006,14/05/24,IMP. DEB. LEY 25413,,"-0,24","620.980,11"
1007,15/05/24,ACREDITAMIENTO,"520,71",,"621.500,82"
1008,,PRISMA-COMERCIOS,,,
1009,,VISA EST.:0097348684,,,
1010,15/05/24,ING. BRUTOS S/ CRED,,"-9,37","621.491,45"
1011,,LEY 12837-BS.AS.,,,
1012,15/05/24,IMP. CRE. LEY 25413,,"-3,12","621.488,33"
1013,15/05/24,IMP. DEB. LEY 25413,,"-0,06","621.488,27"
1014,15/05/24,ACREDITAMIENTO,"1.736,57",,"623.224,84"
1015,,PRISMA-COMERCIOS,,,
1016,,MAST EST.:0064567688,,,
1017,15/05/24,ING. BRUTOS S/ CRED,,"-31,26","623.193,58"
1018,,LEY 12837-BS.AS.,,,
1019,15/05/24,IMP. CRE. LEY 25413,,"-10,42","623.183,16"
1020,15/05/24,IMP. DEB. LEY 25413,,"-0,19","623.182,97"
1021,15/05/24,ACREDITAMIENTO,"2.252,99",,"625.435,96"
1022,,PRISMA-COMERCIOS,,,
1023,,MAST EST.:0064567688,,,
1024,15/05/24,ING. BRUTOS S/ CRED,,"-40,55","625.395,41"
1025,,LEY 12837-BS.AS.,,,
1026,,,,,
1027,15/05/24,IMP. CRE. LEY 25413,,"-13,52","625.381,89"
1028,15/05/24,IMP. DEB. LEY 25413,,"-0,24","625.381,65"
1029,15/05/24,ACREDITAMIENTO,"2.750,99",,"628.132,64"
1030,,PRISMA-COMERCIOS,,,
1031,,MAST EST.:0097348734,,,
1032,15/05/24,ING. BRUTOS S/ CRED,,"-49,52","628.083,12"
1033,,LEY 12837-BS.AS.,,,
1034,15/05/24,IMP. CRE. LEY 25413,,"-16,51","628.066,61"
1035,15/05/24,IMP. DEB. LEY 25413,,"-0,30","628.066,31"
1036,15/05/24,ACREDITAMIENTO,"4.352,87",,"632.419,18"
1037,,PRISMA-COMERCIOS,,,
1038,,MAST EST.:0064538986,,,
1039,15/05/24,ING. BRUTOS S/ CRED,,"-78,35","632.340,83"
1040,,LEY 12837-BS.AS.,,,
1041,15/05/24,IMP. CRE. LEY 25413,,"-26,12","632.314,71"
1042,15/05/24,IMP. DEB. LEY 25413,,"-0,47","632.314,24"
1043,15/05/24,ACREDITAMIENTO,"4.353,00",,"636.667,24"
1044,,PRISMA-COMERCIOS,,,
1045,,VISA EST.:0064538945,,,
1046,15/05/24,ING. BRUTOS S/ CRED,,"-78,35","636.588,89"
1047,,LEY 12837-BS.AS.,,,
1048,15/05/24,IMP. CRE. LEY 25413,,"-26,12","636.562,77"
1049,15/05/24,IMP. DEB. LEY 25413,,"-0,47","636.562,30"
1050,15/05/24,ACREDITAMIENTO,"5.559,33",,"642.121,63"
1051,,PRISMA-COMERCIOS,,,
1052,,MAST EST.:0064565278,,,
1053,15/05/24,ING. BRUTOS S/ CRED,,"-100,07","642.021,56"
1054,,LEY 12837-BS.AS.,,,
1055,15/05/24,IMP. CRE. LEY 25413,,"-33,36","641.988,20"
1056,15/05/24,IMP. DEB. LEY 25413,,"-0,60","641.987,60"
1057,15/05/24,ACREDITAMIENTO,"6.632,18",,"648.619,78"
1058,,PRISMA-COMERCIOS,,,
1059,,VISA EST.:0097348684,,,
1060,15/05/24,ING. BRUTOS S/ CRED,,"-119,38","648.500,40"
1061,,LEY 12837-BS.AS.,,,
1062,15/05/24,IMP. CRE. LEY 25413,,"-39,79","648.460,61"
1063,15/05/24,IMP. DEB. LEY 25413,,"-0,72","648.459,89"
1064,,,,,
1065,15/05/24,ACREDITAMIENTO,"8.290,22",,"656.750,11"
1066,,PRISMA-COMERCIOS,,,
1067,,VISA EST.:0064565229,,,
1068,15/05/24,ING. BRUTOS S/ CRED,,"-149,22","656.600,89"
1069,,LEY 12837-BS.AS.,,,
1070,15/05/24,IMP. CRE. LEY 25413,,"-49,74","656.551,15"
1071,15/05/24,IMP. DEB. LEY 25413,,"-0,90","656.550,25"
1072,15/05/24,ACREDITAMIENTO,"13.415,19",,"669.965,44"
1073,,PRISMA-COMERCIOS,,,
1074,,MAST EST.:0064565278,,,
1075,15/05/24,ING. BRUTOS S/ CRED,,"-241,47","669.723,97"
1076,,LEY 12837-BS.AS.,,,
1077,15/05/24,IMP. CRE. LEY 25413,,"-80,49","669.643,48"
1078,15/05/24,IMP. DEB. LEY 25413,,"-1,45","669.642,03"
1079,15/05/24,ACREDITAMIENTO,"25.182,77",,"694.824,80"
1080,,PRISMA-COMERCIOS,,,
1081,,VISA EST.:0086629359,,,
1082,15/05/24,ING. BRUTOS S/ CRED,,"-453,29","694.371,51"
1083,,LEY 12837-BS.AS.,,,
1084,15/05/24,IMP. CRE. LEY 25413,,"-151,10","694.220,41"
1085,15/05/24,IMP. DEB. LEY 25413,,"-2,72","694.217,69"
1086,15/05/24,ACREDITAMIENTO,"34.768,21",,"728.985,90"
1087,,PRISMA-COMERCIOS,,,
1088,,VISA EST.:0064538945,,,
1089,15/05/24,ING. BRUTOS S/ CRED,,"-625,83","728.360,07"
1090,,LEY 12837-BS.AS.,,,
1091,15/05/24,IMP. CRE. LEY 25413,,"-208,61","728.151,46"
1092,15/05/24,IMP. DEB. LEY 25413,,"-3,75","728.147,71"
1093,15/05/24,ACREDITAMIENTO,"43.869,90",,"772.017,61"
1094,,PRISMA-COMERCIOS,,,
1095,,VISA EST.:0064567639,,,
1096,15/05/24,ING. BRUTOS S/ CRED,,"-789,66","771.227,95"
1097,,LEY 12837-BS.AS.,,,
1098,15/05/24,IMP. CRE. LEY 25413,,"-263,22","770.964,73"
1099,15/05/24,IMP. DEB. LEY 25413,,"-4,74","770.959,99"
1100,16/05/24,ACREDITAMIENTO,"867,83",,"771.827,82"
1101,,PRISMA-COMERCIOS,,,
1102,,MAST EST.:0097348734,,,
1103,,,,,
1104,16/05/24,ING. BRUTOS S/ CRED,,"-15,62","771.812,20"
1105,,LEY 12837-BS.AS.,,,
1106,16/05/24,IMP. CRE. LEY 25413,,"-5,21","771.806,99"
1107,16/05/24,IMP. DEB. LEY 25413,,"-0,09","771.806,90"
1108,16/05/24,ACREDITAMIENTO,"1.240,41",,"773.047,31"
1109,,PRISMA-COMERCIOS,,,
1110,,VISA EST.:0064538945,,,
1111,16/05/24,ING. BRUTOS S/ CRED,,"-22,33","773.024,98"
1112,,LEY 12837-BS.AS.,,,
1113,16/05/24,IMP. CRE. LEY 25413,,"-7,44","773.017,54"
1114,16/05/24,IMP. DEB. LEY 25413,,"-0,13","773.017,41"
1115,16/05/24,ACREDITAMIENTO,"1.541,01",,"774.558,42"
1116,,PRISMA-COMERCIOS,,,
1117,,MAST EST.:0086629409,,,
1118,16/05/24,ING. BRUTOS S/ CRED,,"-27,74","774.530,68"
1119,,LEY 12837-BS.AS.,,,
1120,16/05/24,IMP. CRE. LEY 25413,,"-9,25","774.521,43"
1121,16/05/24,IMP. DEB. LEY 25413,,"-0,17","774.521,26"
1122,16/05/24,ACREDITAMIENTO,"1.804,35",,"776.325,61"
1123,,PRISMA-COMERCIOS,,,
1124,,MAST EST.:0064565278,,,
1125,16/05/24,ING. BRUTOS S/ CRED,,"-32,48","776.293,13"
1126,,LEY 12837-BS.AS.,,,
1127,16/05/24,IMP. CRE. LEY 25413,,"-10,83","776.282,30"
1128,16/05/24,IMP. DEB. LEY 25413,,"-0,19","776.282,11"
1129,16/05/24,ACREDITAMIENTO,"2.104,50",,"778.386,61"
1130,,PRISMA-COMERCIOS,,,
1131,,VISA EST.:0064567639,,,
1132,16/05/24,ING. BRUTOS S/ CRED,,"-37,88","778.348,73"
1133,,LEY 12837-BS.AS.,,,
1134,16/05/24,IMP. CRE. LEY 25413,,"-12,63","778.336,10"
1135,16/05/24,IMP. DEB. LEY 25413,,"-0,23","778.335,87"
1136,16/05/24,ACREDITAMIENTO,"2.487,07",,"780.822,94"
1137,,PRISMA-COMERCIOS,,,
1138,,MAST EST.:0064567688,,,
1139,16/05/24,ING. BRUTOS S/ CRED,,"-44,77","780.778,17"
1140,,LEY 12837-BS.AS.,,,
1141,,,,,
1142,16/05/24,IMP. DEB. LEY 25413,,"-0,27","780.762,98"
1143,16/05/24,ACREDITAMIENTO,"2.784,82",,"783.547,80"
1144,,PRISMA-COMERCIOS,,,
1145,,VISA EST.:0086629359,,,
1146,16/05/24,ING. BRUTOS S/ CRED,,"-50,13","783.497,67"
1147,,LEY 12837-BS.AS.,,,
1148,16/05/24,IMP. CRE. LEY 25413,,"-16,71","783.480,96"
1149,16/05/24,IMP. DEB. LEY 25413,,"-0,30","783.480,66"
1150,16/05/24,ACREDITAMIENTO,"3.801,70",,"787.282,36"
1151,,PRISMA-COMERCIOS,,,
1152,,VISA EST.:0064538945,,,
1153,16/05/24,ING. BRUTOS S/ CRED,,"-68,43","787.213,93"
1154,,LEY 12837-BS.AS.,,,
1155,16/05/24,IMP. CRE. LEY 25413,,"-22,81","787.191,12"
1156,16/05/24,IMP. DEB. LEY 25413,,"-0,41","787.190,71"
1157,16/05/24,ACREDITAMIENTO,"6.028,37",,"793.219,08"
1158,,PRISMA-COMERCIOS,,,
1159,,MAST EST.:0064567688,,,
1160,16/05/24,ING. BRUTOS S/ CRED,,"-108,51","793.110,57"
1161,,LEY 12837-BS.AS.,,,
1162,16/05/24,IMP. CRE. LEY 25413,,"-36,17","793.074,40"
1163,16/05/24,IMP. DEB. LEY 25413,,"-0,65","793.073,75"
1164,16/05/24,ACREDITAMIENTO,"6.339,58",,"799.413,33"
1165,,PRISMA-COMERCIOS,,,
1166,,VISA EST.:0097348684,,,
1167,16/05/24,ING. BRUTOS S/ CRED,,"-114,11","799.299,22"
1168,,LEY 12837-BS.AS.,,,
1169,16/05/24,IMP. CRE. LEY 25413,,"-38,04","799.261,18"
1170,16/05/24,IMP. DEB. LEY 25413,,"-0,68","799.260,50"
1171,16/05/24,ACREDITAMIENTO,"8.641,46",,"807.901,96"
1172,,PRISMA-COMERCIOS,,,
1173,,MAST EST.:0064565278,,,
1174,16/05/24,ING. BRUTOS S/ CRED,,"-155,55","807.746,41"
1175,,LEY 12837-BS.AS.,,,
1176,16/05/24,IMP. CRE. LEY 25413,,"-51,85","807.694,56"
1177,16/05/24,IMP. DEB. LEY 25413,,"-0,93","807.693,63"
1178,,,,,
1179,16/05/24,ACREDITAMIENTO,"9.757,86",,"817.451,49"
1180,,PRISMA-COMERCIOS,,,
1181,,MAST EST.:0064565278,,,
1182,16/05/24,ING. BRUTOS S/ CRED,,"-175,64","817.275,85"
1183,,LEY 12837-BS.AS.,,,
1184,16/05/24,IMP. CRE. LEY 25413,,"-58,55","817.217,30"
1185,16/05/24,IMP. DEB. LEY 25413,,"-1,05","817.216,25"
1186,16/05/24,ACREDITAMIENTO,"13.947,08",,"831.163,33"
1187,,PRISMA-COMERCIOS,,,
1188,,VISA EST.:0064565229,,,
1189,16/05/24,ING. BRUTOS S/ CRED,,"-251,05","830.912,28"
1190,,LEY 12837-BS.AS.,,,
1191,16/05/24,IMP. CRE. LEY 25413,,"-83,68","830.828,60"
1192,16/05/24,IMP. DEB. LEY 25413,,"-1,51","830.827,09"
1193,16/05/24,ACREDITAMIENTO,"21.291,24",,"852.118,33"
1194,,PRISMA-COMERCIOS,,,
1195,,VISA EST.:0086629359,,,
1196,16/05/24,ING. BRUTOS S/ CRED,,"-383,24","851.735,09"
1197,,LEY 12837-BS.AS.,,,
1198,16/05/24,IMP. CRE. LEY 25413,,"-127,75","851.607,34"
1199,16/05/24,IMP. DEB. LEY 25413,,"-2,30","851.605,04"
1200,16/05/24,ACREDITAMIENTO,"22.720,09",,"874.325,13"
1201,,PRISMA-COMERCIOS,,,
1202,,VISA EST.:0064567639,,,
1203,16/05/24,ING. BRUTOS S/ CRED,,"-408,96","873.916,17"
1204,,LEY 12837-BS.AS.,,,
1205,16/05/24,IMP. CRE. LEY 25413,,"-136,32","873.779,85"
1206,16/05/24,IMP. DEB. LEY 25413,,"-2,45","873.777,40"
1207,16/05/24,ACREDITAMIENTO,"32.243,84",,"906.021,24"
1208,,PRISMA-COMERCIOS,,,
1209,,VISA EST.:0064538945,,,
1210,16/05/24,ING. BRUTOS S/ CRED,,"-580,39","905.440,85"
1211,,LEY 12837-BS.AS.,,,
1212,16/05/24,IMP. CRE. LEY 25413,,"-193,46","905.247,39"
1213,16/05/24,IMP. DEB. LEY 25413,,"-3,48","905.243,91"
1214,,,,,
1215,16/05/24,TRANSFERENCIA DE CUENTA 0074,"100.000,00",,"1.005.243,91"
1216,,PROPIA,,,
1217,,KIOSKACHO MAOS SRL,,,
1218,,30717876667,,,
1219,,00000000000000000000,,,
1220,,520805218640,,,
1221,,5046200141000000,,,
1222,,VARIOS,,,
1223,16/05/24,TRANSF. AFIP,,"-980.481,52","24.762,39"
1224,,0196149760,,,
1225,,VEP 1267274968,,,
1226,16/05/24,IMP. DEB. LEY 25413,,"-5.882,89","18.879,50"
1227,17/05/24,SERVICIO PAGO A PROVEEDORES,"2.281,50",,"21.161,00"
1228,,TARJETA NARANJA S A,,,
1229,,30685376349,,,
1230,,PROVEEDORES,,,
1231,,000000559255078,,,
1232,17/05/24,ING. BRUTOS S/ CRED,,"-41,07","21.119,93"
1233,,LEY 12837-BS.AS.,,,
1234,17/05/24,IMP. CRE. LEY 25413,,"-13,69","21.106,24"
1235,,ALICUOTA GENERAL,,,
1236,17/05/24,IMP. DEB. LEY 25413,,"-0,25","21.105,99"
1237,,ALICUOTA GENERAL,,,
1238,17/05/24,ACREDITAMIENTO,"487,66",,"21.593,65"
1239,,PRISMA-COMERCIOS,,,
1240,,MAST EST.:0064567688,,,
1241,17/05/24,ING. BRUTOS S/ CRED,,"-8,78","21.584,87"
1242,,LEY 12837-BS.AS.,,,
1243,17/05/24,IMP. CRE. LEY 25413,,"-2,93","21.581,94"
1244,,ALICUOTA GENERAL,,,
1245,17/05/24,IMP. DEB. LEY 25413,,"-0,05","21.581,89"
1246,,ALICUOTA GENERAL,,,
1247,17/05/24,ACREDITAMIENTO,"1.904,93",,"23.486,82"
1248,,PRISMA-COMERCIOS,,,
1249,,VISA EST.:0064565229,,,
1250,17/05/24,ING. BRUTOS S/ CRED,,"-34,29","23.452,53"
1251,,LEY 12837-BS.AS.,,,
1252,17/05/24,IMP. CRE. LEY 25413,,"-11,43","23.441,10"
1253,,ALICUOTA GENERAL,,,
1254,17/05/24,IMP. DEB. LEY 25413,,"-0,21","23.440,89"
1255,,ALICUOTA GENERAL,,,
1256,17/05/24,ACREDITAMIENTO,"1.926,78",,"25.367,67"
1257,,PRISMA-COMERCIOS,,,
1258,,MAST EST.:0086629409,,,
1259,,,,,
1260,17/05/24,ING. BRUTOS S/ CRED,,"-34,68","25.332,99"
1261,,LEY 12837-BS.AS.,,,
1262,17/05/24,IMP. CRE. LEY 25413,,"-11,56","25.321,43"
1263,,ALICUOTA GENERAL,,,
1264,17/05/24,IMP. DEB. LEY 25413,,"-0,21","25.321,22"
1265,,ALICUOTA GENERAL,,,
1266,17/05/24,ACREDITAMIENTO,"2.102,40",,"27.423,62"
1267,,PRISMA-COMERCIOS,,,
1268,,VISA EST.:0064538945,,,
1269,17/05/24,ING. BRUTOS S/ CRED,,"-37,84","27.385,78"
1270,,LEY 12837-BS.AS.,,,
1271,17/05/24,IMP. CRE. LEY 25413,,"-12,61","27.373,17"
1272,,ALICUOTA GENERAL,,,
1273,17/05/24,IMP. DEB. LEY 25413,,"-0,23","27.372,94"
1274,,ALICUOTA GENERAL,,,
1275,17/05/24,ACREDITAMIENTO,"2.976,97",,"30.349,91"
1276,,PRISMA-COMERCIOS,,,
1277,,MAST EST.:0064565278,,,
1278,17/05/24,ING. BRUTOS S/ CRED,,"-53,59","30.296,32"
1279,,LEY 12837-BS.AS.,,,
1280,17/05/24,IMP. CRE. LEY 25413,,"-17,86","30.278,46"
1281,,ALICUOTA GENERAL,,,
1282,17/05/24,IMP. DEB. LEY 25413,,"-0,32","30.278,14"
1283,,ALICUOTA GENERAL,,,
1284,17/05/24,ACREDITAMIENTO,"4.672,19",,"34.950,33"
1285,,PRISMA-COMERCIOS,,,
1286,,VISA EST.:0064565229,,,
1287,17/05/24,ING. BRUTOS S/ CRED,,"-84,10","34.866,23"
1288,,LEY 12837-BS.AS.,,,
1289,17/05/24,IMP. CRE. LEY 25413,,"-28,03","34.838,20"
1290,,ALICUOTA GENERAL,,,
1291,17/05/24,IMP. DEB. LEY 25413,,"-0,50","34.837,70"
1292,,ALICUOTA GENERAL,,,
1293,17/05/24,ACREDITAMIENTO,"5.424,71",,"40.262,41"
1294,,PRISMA-COMERCIOS,,,
1295,,MAST EST.:0064567688,,,
1296,17/05/24,ING. BRUTOS S/ CRED,,"-97,64","40.164,77"
1297,,LEY 12837-BS.AS.,,,
1298,17/05/24,IMP. CRE. LEY 25413,,"-32,55","40.132,22"
1299,,ALICUOTA GENERAL,,,
1300,17/05/24,IMP. DEB. LEY 25413,,"-0,59","40.131,63"
1301,,ALICUOTA GENERAL,,,
1302,,,,,
1303,17/05/24,ACREDITAMIENTO,"6.046,99",,"46.178,62"
1304,,PRISMA-COMERCIOS,,,
1305,,VISA EST.:0097348684,,,
1306,17/05/24,ING. BRUTOS S/ CRED,,"-108,85","46.069,77"
1307,,LEY 12837-BS.AS.,,,
1308,17/05/24,IMP. CRE. LEY 25413,,"-36,28","46.033,49"
1309,,ALICUOTA GENERAL,,,
1310,17/05/24,IMP. DEB. LEY 25413,,"-0,65","46.032,84"
1311,,ALICUOTA GENERAL,,,
1312,17/05/24,ACREDITAMIENTO,"13.683,74",,"59.716,58"
1313,,PRISMA-COMERCIOS,,,
1314,,VISA EST.:0086629359,,,
1315,17/05/24,ING. BRUTOS S/ CRED,,"-246,31","59.470,27"
1316,,LEY 12837-BS.AS.,,,
1317,17/05/24,IMP. CRE. LEY 25413,,"-82,10","59.388,17"
1318,,ALICUOTA GENERAL,,,
1319,17/05/24,IMP. DEB. LEY 25413,,"-1,48","59.386,69"
1320,,ALICUOTA GENERAL,,,
1321,17/05/24,ACREDITAMIENTO,"14.824,87",,"74.211,56"
1322,,PRISMA-COMERCIOS,,,
1323,,VISA EST.:0064565229,,,
1324,17/05/24,ING. BRUTOS S/ CRED,,"-266,85","73.944,71"
1325,,LEY 12837-BS.AS.,,,
1326,17/05/24,IMP. CRE. LEY 25413,,"-88,95","73.855,76"
1327,,ALICUOTA GENERAL,,,
1328,17/05/24,IMP. DEB. LEY 25413,,"-1,60","73.854,16"
1329,,ALICUOTA GENERAL,,,
1330,17/05/24,ACREDITAMIENTO,"16.364,42",,"90.218,58"
1331,,PRISMA-COMERCIOS,,,
1332,,MAST EST.:0064538986,,,
1333,17/05/24,ING. BRUTOS S/ CRED,,"-294,56","89.924,02"
1334,,LEY 12837-BS.AS.,,,
1335,17/05/24,IMP. CRE. LEY 25413,,"-98,19","89.825,83"
1336,,ALICUOTA GENERAL,,,
1337,17/05/24,IMP. DEB. LEY 25413,,"-1,77","89.824,06"
1338,,ALICUOTA GENERAL,,,
1339,17/05/24,ACREDITAMIENTO,"23.202,87",,"113.026,93"
1340,,PRISMA-COMERCIOS,,,
1341,,VISA EST.:0064567639,,,
1342,17/05/24,ING. BRUTOS S/ CRED,,"-417,65","112.609,28"
1343,,LEY 12837-BS.AS.,,,
1344,17/05/24,IMP. CRE. LEY 25413,,"-139,22","112.470,06"
1345,,,,,
1346,17/05/24,IMP. DEB. LEY 25413,,"-2,51","112.467,55"
1347,,ALICUOTA GENERAL,,,
1348,17/05/24,ACREDITAMIENTO,"36.476,97",,"148.944,52"
1349,,PRISMA-COMERCIOS,,,
1350,,VISA EST.:0064538945,,,
1351,17/05/24,ING. BRUTOS S/ CRED,,"-656,59","148.287,93"
1352,,LEY 12837-BS.AS.,,,
1353,17/05/24,IMP. CRE. LEY 25413,,"-218,86","148.069,07"
1354,,ALICUOTA GENERAL,,,
1355,17/05/24,IMP. DEB. LEY 25413,,"-3,94","148.065,13"
1356,,ALICUOTA GENERAL,,,
1357,20/05/24,ACREDITAMIENTO,"585,20",,"148.650,33"
1358,,PRISMA-COMERCIOS,,,
1359,,MAST EST.:0097348734,,,
1360,20/05/24,ING. BRUTOS S/ CRED,,"-10,53","148.639,80"
1361,,LEY 12837-BS.AS.,,,
1362,20/05/24,IMP. CRE. LEY 25413,,"-3,51","148.636,29"
1363,,ALICUOTA GENERAL,,,
1364,20/05/24,IMP. DEB. LEY 25413,,"-0,06","148.636,23"
1365,,ALICUOTA GENERAL,,,
1366,20/05/24,ACREDITAMIENTO,"1.720,04",,"150.356,27"
1367,,PRISMA-COMERCIOS,,,
1368,,MAST EST.:0086629409,,,
1369,20/05/24,ING. BRUTOS S/ CRED,,"-30,96","150.325,31"
1370,,LEY 12837-BS.AS.,,,
1371,20/05/24,IMP. CRE. LEY 25413,,"-10,32","150.314,99"
1372,,ALICUOTA GENERAL,,,
1373,20/05/24,IMP. DEB. LEY 25413,,"-0,19","150.314,80"
1374,,ALICUOTA GENERAL,,,
1375,20/05/24,ACREDITAMIENTO,"2.169,55",,"152.484,35"
1376,,PRISMA-COMERCIOS,,,
1377,,VISA EST.:0097348684,,,
1378,20/05/24,ING. BRUTOS S/ CRED,,"-39,05","152.445,30"
1379,,LEY 12837-BS.AS.,,,
1380,20/05/24,IMP. CRE. LEY 25413,,"-13,02","152.432,28"
1381,,ALICUOTA GENERAL,,,
1382,20/05/24,IMP. DEB. LEY 25413,,"-0,23","152.432,05"
1383,,ALICUOTA GENERAL,,,
1384,20/05/24,ACREDITAMIENTO,"2.212,95",,"154.645,00"
1385,,PRISMA-COMERCIOS,,,
1386,,MAST EST.:0097348734,,,
1387,20/05/24,ING. BRUTOS S/ CRED,,"-39,83","154.605,17"
1388,,,,,
1389,20/05/24,IMP. CRE. LEY 25413,,"-13,28","154.591,89"
1390,,ALICUOTA GENERAL,,,
1391,20/05/24,IMP. DEB. LEY 25413,,"-0,24","154.591,65"
1392,,ALICUOTA GENERAL,,,
1393,20/05/24,ACREDITAMIENTO,"2.480,81",,"157.072,46"
1394,,PRISMA-COMERCIOS,,,
1395,,VISA EST.:0064565229,,,
1396,20/05/24,ING. BRUTOS S/ CRED,,"-44,65","157.027,81"
1397,,LEY 12837-BS.AS.,,,
1398,20/05/24,IMP. CRE. LEY 25413,,"-14,88","157.012,93"
1399,,ALICUOTA GENERAL,,,
1400,20/05/24,IMP. DEB. LEY 25413,,"-0,27","157.012,66"
1401,,ALICUOTA GENERAL,,,
1402,20/05/24,ACREDITAMIENTO,"3.033,25",,"160.045,91"
1403,,PRISMA-COMERCIOS,,,
1404,,MAST EST.:0086629409,,,
1405,20/05/24,ING. BRUTOS S/ CRED,,"-54,60","159.991,31"
1406,,LEY 12837-BS.AS.,,,
1407,20/05/24,IMP. CRE. LEY 25413,,"-18,20","159.973,11"
1408,,ALICUOTA GENERAL,,,
1409,20/05/24,IMP. DEB. LEY 25413,,"-0,33","159.972,78"
1410,,ALICUOTA GENERAL,,,
1411,20/05/24,ACREDITAMIENTO,"3.340,83",,"163.313,61"
1412,,PRISMA-COMERCIOS,,,
1413,,MAST EST.:0064567688,,,
1414,20/05/24,ING. BRUTOS S/ CRED,,"-60,13","163.253,48"
1415,,LEY 12837-BS.AS.,,,
1416,20/05/24,IMP. CRE. LEY 25413,,"-20,04","163.233,44"
1417,,ALICUOTA GENERAL,,,
1418,20/05/24,IMP. DEB. LEY 25413,,"-0,36","163.233,08"
1419,,ALICUOTA GENERAL,,,
1420,20/05/24,ACREDITAMIENTO,"5.071,67",,"168.304,75"
1421,,PRISMA-COMERCIOS,,,
1422,,VISA EST.:0064565229,,,
1423,20/05/24,ING. BRUTOS S/ CRED,,"-91,29","168.213,46"
1424,,LEY 12837-BS.AS.,,,
1425,20/05/24,IMP. CRE. LEY 25413,,"-30,43","168.183,03"
1426,,ALICUOTA GENERAL,,,
1427,20/05/24,IMP. DEB. LEY 25413,,"-0,55","168.182,48"
1428,,ALICUOTA GENERAL,,,
1429,20/05/24,ACREDITAMIENTO,"9.675,18",,"177.857,66"
1430,,PRISMA-COMERCIOS,,,
1431,,,,,
1432,20/05/24,ING. BRUTOS S/ CRED,,"-174,15","177.683,51"
1433,,LEY 12837-BS.AS.,,,
1434,20/05/24,IMP. CRE. LEY 25413,,"-58,05","177.625,46"
1435,,ALICUOTA GENERAL,,,
1436,20/05/24,IMP. DEB. LEY 25413,,"-1,04","177.624,42"
1437,,ALICUOTA GENERAL,,,
1438,20/05/24,ACREDITAMIENTO,"15.799,03",,"193.423,45"
1439,,PRISMA-COMERCIOS,,,
1440,,MAST EST.:0064538986,,,
1441,20/05/24,ING. BRUTOS S/ CRED,,"-284,38","193.139,07"
1442,,LEY 12837-BS.AS.,,,
1443,20/05/24,IMP. CRE. LEY 25413,,"-94,79","193.044,28"
1444,,ALICUOTA GENERAL,,,
1445,20/05/24,IMP. DEB. LEY 25413,,"-1,71","193.042,57"
1446,,ALICUOTA GENERAL,,,
1447,20/05/24,ACREDITAMIENTO,"18.297,01",,"211.339,58"
1448,,PRISMA-COMERCIOS,,,
1449,,VISA EST.:0086629359,,,
1450,20/05/24,ING. BRUTOS S/ CRED,,"-329,35","211.010,23"
1451,,LEY 12837-BS.AS.,,,
1452,20/05/24,IMP. CRE. LEY 25413,,"-109,78","210.900,45"
1453,,ALICUOTA GENERAL,,,
1454,20/05/24,IMP. DEB. LEY 25413,,"-1,98","210.898,47"
1455,,ALICUOTA GENERAL,,,
1456,20/05/24,ACREDITAMIENTO,"24.525,40",,"235.423,87"
1457,,PRISMA-COMERCIOS,,,
1458,,VISA EST.:0064538945,,,
1459,20/05/24,ING. BRUTOS S/ CRED,,"-441,46","234.982,41"
1460,,LEY 12837-BS.AS.,,,
1461,20/05/24,IMP. CRE. LEY 25413,,"-147,15","234.835,26"
1462,,ALICUOTA GENERAL,,,
1463,20/05/24,IMP. DEB. LEY 25413,,"-2,65","234.832,61"
1464,,ALICUOTA GENERAL,,,
1465,20/05/24,ACREDITAMIENTO,"42.787,29",,"277.619,90"
1466,,PRISMA-COMERCIOS,,,
1467,,VISA EST.:0064567639,,,
1468,20/05/24,ING. BRUTOS S/ CRED,,"-770,17","276.849,73"
1469,,LEY 12837-BS.AS.,,,
1470,20/05/24,IMP. CRE. LEY 25413,,"-256,72","276.593,01"
1471,,ALICUOTA GENERAL,,,
1472,20/05/24,IMP. DEB. LEY 25413,,"-4,62","276.588,39"
1473,,ALICUOTA GENERAL,,,
1474,,,,,
1475,21/05/24,ACREDITAMIENTO,"1.755,58",,"278.343,97"
1476,,PRISMA-COMERCIOS,,,
1477,,VISA EST.:0064565229,,,
1478,21/05/24,ING. BRUTOS S/ CRED,,"-31,60","278.312,37"
1479,,LEY 12837-BS.AS.,,,
1480,21/05/24,IMP. CRE. LEY 25413,,"-10,53","278.301,84"
1481,,ALICUOTA GENERAL,,,
1482,21/05/24,IMP. DEB. LEY 25413,,"-0,19","278.301,65"
1483,,ALICUOTA GENERAL,,,
1484,21/05/24,ACREDITAMIENTO,"1.853,11",,"280.154,76"
1485,,PRISMA-COMERCIOS,,,
1486,,MAST EST.:0097348734,,,
1487,21/05/24,ING. BRUTOS S/ CRED,,"-33,36","280.121,40"
1488,,LEY 12837-BS.AS.,,,
1489,21/05/24,IMP. CRE. LEY 25413,,"-11,12","280.110,28"
1490,,ALICUOTA GENERAL,,,
1491,21/05/24,IMP. DEB. LEY 25413,,"-0,20","280.110,08"
1492,,ALICUOTA GENERAL,,,
1493,21/05/24,ACREDITAMIENTO,"3.836,16",,"283.946,24"
1494,,PRISMA-COMERCIOS,,,
1495,,VISA EST.:0064538945,,,
1496,21/05/24,ING. BRUTOS S/ CRED,,"-69,05","283.877,19"
1497,,LEY 12837-BS.AS.,,,
1498,21/05/24,IMP. CRE. LEY 25413,,"-23,02","283.854,17"
1499,,ALICUOTA GENERAL,,,
1500,21/05/24,IMP. DEB. LEY 25413,,"-0,41","283.853,76"
1501,,ALICUOTA GENERAL,,,
1502,21/05/24,ACREDITAMIENTO,"3.841,13",,"287.694,89"
1503,,PRISMA-COMERCIOS,,,
1504,,MAST EST.:0064538986,,,
1505,21/05/24,ING. BRUTOS S/ CRED,,"-69,14","287.625,75"
1506,,LEY 12837-BS.AS.,,,
1507,21/05/24,IMP. CRE. LEY 25413,,"-23,05","287.602,70"
1508,,ALICUOTA GENERAL,,,
1509,21/05/24,IMP. DEB. LEY 25413,,"-0,41","287.602,29"
1510,,ALICUOTA GENERAL,,,
1511,21/05/24,ACREDITAMIENTO,"4.167,75",,"291.770,04"
1512,,PRISMA-COMERCIOS,,,
1513,,MAST EST.:0064565278,,,
1514,21/05/24,ING. BRUTOS S/ CRED,,"-75,02","291.695,02"
1515,,LEY 12837-BS.AS.,,,
1516,21/05/24,IMP. CRE. LEY 25413,,"-25,01","291.670,01"
1517,,,,,
1518,21/05/24,IMP. DEB. LEY 25413,,"-0,45","291.669,56"
1519,,ALICUOTA GENERAL,,,
1520,21/05/24,ACREDITAMIENTO,"4.681,54",,"296.351,10"
1521,,PRISMA-COMERCIOS,,,
1522,,MAST EST.:0064565278,,,
1523,21/05/24,ING. BRUTOS S/ CRED,,"-84,27","296.266,83"
1524,,LEY 12837-BS.AS.,,,
1525,21/05/24,IMP. CRE. LEY 25413,,"-28,09","296.238,74"
1526,,ALICUOTA GENERAL,,,
1527,21/05/24,IMP. DEB. LEY 25413,,"-0,51","296.238,23"
1528,,ALICUOTA GENERAL,,,
1529,21/05/24,ACREDITAMIENTO,"5.266,73",,"301.504,96"
1530,,PRISMA-COMERCIOS,,,
1531,,VISA EST.:0064567647,,,
1532,21/05/24,ING. BRUTOS S/ CRED,,"-94,80","301.410,16"
1533,,LEY 12837-BS.AS.,,,
1534,21/05/24,IMP. CRE. LEY 25413,,"-31,60","301.378,56"
1535,,ALICUOTA GENERAL,,,
1536,21/05/24,IMP. DEB. LEY 25413,,"-0,57","301.377,99"
1537,,ALICUOTA GENERAL,,,
1538,21/05/24,ACREDITAMIENTO,"5.423,89",,"306.801,88"
1539,,PRISMA-COMERCIOS,,,
1540,,MAST EST.:0097348734,,,
1541,21/05/24,ING. BRUTOS S/ CRED,,"-97,63","306.704,25"
1542,,LEY 12837-BS.AS.,,,
1543,21/05/24,IMP. CRE. LEY 25413,,"-32,54","306.671,71"
1544,,ALICUOTA GENERAL,,,
1545,21/05/24,IMP. DEB. LEY 25413,,"-0,59","306.671,12"
1546,,ALICUOTA GENERAL,,,
1547,21/05/24,ACREDITAMIENTO,"6.168,94",,"312.840,06"
1548,,PRISMA-COMERCIOS,,,
1549,,VISA EST.:0064567639,,,
1550,21/05/24,ING. BRUTOS S/ CRED,,"-111,04","312.729,02"
1551,,LEY 12837-BS.AS.,,,
1552,21/05/24,IMP. CRE. LEY 25413,,"-37,01","312.692,01"
1553,,ALICUOTA GENERAL,,,
1554,21/05/24,IMP. DEB. LEY 25413,,"-0,67","312.691,34"
1555,,ALICUOTA GENERAL,,,
1556,21/05/24,ACREDITAMIENTO,"8.680,35",,"321.371,69"
1557,,PRISMA-COMERCIOS,,,
1558,,VISA EST.:0097348684,,,
1559,21/05/24,ING. BRUTOS S/ CRED,,"-156,25","321.215,44"
1560,,,,,
1561,21/05/24,IMP. CRE. LEY 25413,,"-52,08","321.163,36"
1562,,ALICUOTA GENERAL,,,
1563,21/05/24,IMP. DEB. LEY 25413,,"-0,94","321.162,42"
1564,,ALICUOTA GENERAL,,,
1565,21/05/24,ACREDITAMIENTO,"12.079,35",,"333.241,77"
1566,,PRISMA-COMERCIOS,,,
1567,,MAST EST.:0064538986,,,
1568,21/05/24,ING. BRUTOS S/ CRED,,"-217,43","333.024,34"
1569,,LEY 12837-BS.AS.,,,
1570,21/05/24,IMP. CRE. LEY 25413,,"-72,48","332.951,86"
1571,,ALICUOTA GENERAL,,,
1572,21/05/24,IMP. DEB. LEY 25413,,"-1,30","332.950,56"
1573,,ALICUOTA GENERAL,,,
1574,21/05/24,ACREDITAMIENTO,"14.568,07",,"347.518,63"
1575,,PRISMA-COMERCIOS,,,
1576,,VISA EST.:0064567639,,,
1577,21/05/24,ING. BRUTOS S/ CRED,,"-262,23","347.256,40"
1578,,LEY 12837-BS.AS.,,,
1579,21/05/24,IMP. CRE. LEY 25413,,"-87,41","347.168,99"
1580,,ALICUOTA GENERAL,,,
1581,21/05/24,IMP. DEB. LEY 25413,,"-1,57","347.167,42"
1582,,ALICUOTA GENERAL,,,
1583,21/05/24,ACREDITAMIENTO,"19.266,83",,"366.434,25"
1584,,PRISMA-COMERCIOS,,,
1585,,MAST EST.:0064567688,,,
1586,21/05/24,ING. BRUTOS S/ CRED,,"-346,80","366.087,45"
1587,,LEY 12837-BS.AS.,,,
1588,21/05/24,IMP. CRE. LEY 25413,,"-115,60","365.971,85"
1589,,ALICUOTA GENERAL,,,
1590,21/05/24,IMP. DEB. LEY 25413,,"-2,08","365.969,77"
1591,,ALICUOTA GENERAL,,,
1592,21/05/24,ACREDITAMIENTO,"27.611,31",,"393.581,08"
1593,,PRISMA-COMERCIOS,,,
1594,,MAST EST.:0064567688,,,
1595,21/05/24,ING. BRUTOS S/ CRED,,"-497,00","393.084,08"
1596,,LEY 12837-BS.AS.,,,
1597,21/05/24,IMP. CRE. LEY 25413,,"-165,67","392.918,41"
1598,,ALICUOTA GENERAL,,,
1599,21/05/24,IMP. DEB. LEY 25413,,"-2,98","392.915,43"
1600,,ALICUOTA GENERAL,,,
1601,21/05/24,ACREDITAMIENTO,"51.701,72",,"444.617,15"
1602,,PRISMA-COMERCIOS,,,
1603,,,,,
1604,21/05/24,ING. BRUTOS S/ CRED,,"-930,63","443.686,52"
1605,,LEY 12837-BS.AS.,,,
1606,21/05/24,IMP. CRE. LEY 25413,,"-310,21","443.376,31"
1607,,ALICUOTA GENERAL,,,
1608,21/05/24,IMP. DEB. LEY 25413,,"-5,58","443.370,73"
1609,,ALICUOTA GENERAL,,,
1610,21/05/24,ACREDITAMIENTO,"53.284,19",,"496.654,92"
1611,,PRISMA-COMERCIOS,,,
1612,,VISA EST.:0064538945,,,
1613,21/05/24,ING. BRUTOS S/ CRED,,"-959,12","495.695,80"
1614,,LEY 12837-BS.AS.,,,
1615,21/05/24,IMP. CRE. LEY 25413,,"-319,71","495.376,09"
1616,,ALICUOTA GENERAL,,,
1617,21/05/24,IMP. DEB. LEY 25413,,"-5,75","495.370,34"
1618,,ALICUOTA GENERAL,,,
1619,21/05/24,ACREDITAMIENTO,"99.009,62",,"594.379,96"
1620,,PRISMA-COMERCIOS,,,
1621,,VISA EST.:0064567639,,,
1622,21/05/24,ING. BRUTOS S/ CRED,,"-1.782,17","592.597,79"
1623,,LEY 12837-BS.AS.,,,
1624,21/05/24,IMP. CRE. LEY 25413,,"-594,06","592.003,73"
1625,,ALICUOTA GENERAL,,,
1626,21/05/24,IMP. DEB. LEY 25413,,"-10,69","591.993,04"
1627,,ALICUOTA GENERAL,,,
1628,22/05/24,ACREDITAMIENTO,"624,21",,"592.617,25"
1629,,PRISMA-COMERCIOS,,,
1630,,VISA EST.:0097348684,,,
1631,22/05/24,ING. BRUTOS S/ CRED,,"-11,24","592.606,01"
1632,,LEY 12837-BS.AS.,,,
1633,22/05/24,IMP. CRE. LEY 25413,,"-3,75","592.602,26"
1634,,ALICUOTA GENERAL,,,
1635,22/05/24,IMP. DEB. LEY 25413,,"-0,07","592.602,19"
1636,,ALICUOTA GENERAL,,,
1637,22/05/24,ACREDITAMIENTO,"793,88",,"593.396,07"
1638,,PRISMA-COMERCIOS,,,
1639,,MAST EST.:0086629409,,,
1640,22/05/24,ING. BRUTOS S/ CRED,,"-14,29","593.381,78"
1641,,LEY 12837-BS.AS.,,,
1642,22/05/24,IMP. CRE. LEY 25413,,"-4,76","593.377,02"
1643,,ALICUOTA GENERAL,,,
1644,22/05/24,IMP. DEB. LEY 25413,,"-0,09","593.376,93"
1645,,ALICUOTA GENERAL,,,
1646,,,,,
1647,22/05/24,ACREDITAMIENTO,"975,32",,"594.352,25"
1648,,PRISMA-COMERCIOS,,,
1649,,MAST EST.:0064565278,,,
1650,22/05/24,ING. BRUTOS S/ CRED,,"-17,56","594.334,69"
1651,,LEY 12837-BS.AS.,,,
1652,22/05/24,IMP. CRE. LEY 25413,,"-5,85","594.328,84"
1653,,ALICUOTA GENERAL,,,
1654,22/05/24,IMP. DEB. LEY 25413,,"-0,11","594.328,73"
1655,,ALICUOTA GENERAL,,,
1656,22/05/24,ACREDITAMIENTO,"1.323,11",,"595.651,84"
1657,,PRISMA-COMERCIOS,,,
1658,,MAST EST.:0064567688,,,
1659,22/05/24,ING. BRUTOS S/ CRED,,"-23,82","595.628,02"
1660,,LEY 12837-BS.AS.,,,
1661,22/05/24,IMP. CRE. LEY 25413,,"-7,94","595.620,08"
1662,,ALICUOTA GENERAL,,,
1663,22/05/24,IMP. DEB. LEY 25413,,"-0,14","595.619,94"
1664,,ALICUOTA GENERAL,,,
1665,22/05/24,ACREDITAMIENTO,"1.488,49",,"597.108,43"
1666,,PRISMA-COMERCIOS,,,
1667,,VISA EST.:0064567639,,,
1668,22/05/24,ING. BRUTOS S/ CRED,,"-26,79","597.081,64"
1669,,LEY 12837-BS.AS.,,,
1670,22/05/24,IMP. CRE. LEY 25413,,"-8,93","597.072,71"
1671,,ALICUOTA GENERAL,,,
1672,22/05/24,IMP. DEB. LEY 25413,,"-0,16","597.072,55"
1673,,ALICUOTA GENERAL,,,
1674,22/05/24,ACREDITAMIENTO,"1.735,64",,"598.808,19"
1675,,PRISMA-COMERCIOS,,,
1676,,VISA EST.:0097348684,,,
1677,22/05/24,ING. BRUTOS S/ CRED,,"-31,24","598.776,95"
1678,,LEY 12837-BS.AS.,,,
1679,22/05/24,IMP. CRE. LEY 25413,,"-10,41","598.766,54"
1680,,ALICUOTA GENERAL,,,
1681,22/05/24,IMP. DEB. LEY 25413,,"-0,19","598.766,35"
1682,,ALICUOTA GENERAL,,,
1683,22/05/24,ACREDITAMIENTO,"3.734,51",,"602.500,86"
1684,,PRISMA-COMERCIOS,,,
1685,,VISA EST.:0064538952,,,
1686,22/05/24,ING. BRUTOS S/ CRED,,"-67,22","602.433,64"
1687,,LEY 12837-BS.AS.,,,
1688,22/05/24,IMP. CRE. LEY 25413,,"-22,41","602.411,23"
1689,,,,,
1690,22/05/24,IMP. DEB. LEY 25413,,"-0,40","602.410,83"
1691,,ALICUOTA GENERAL,,,
1692,22/05/24,ACREDITAMIENTO,"4.681,54",,"607.092,37"
1693,,PRISMA-COMERCIOS,,,
1694,,VISA EST.:0064565229,,,
1695,22/05/24,ING. BRUTOS S/ CRED,,"-84,27","607.008,10"
1696,,LEY 12837-BS.AS.,,,
1697,22/05/24,IMP. CRE. LEY 25413,,"-28,09","606.980,01"
1698,,ALICUOTA GENERAL,,,
1699,22/05/24,IMP. DEB. LEY 25413,,"-0,51","606.979,50"
1700,,ALICUOTA GENERAL,,,
1701,22/05/24,ACREDITAMIENTO,"5.968,96",,"612.948,46"
1702,,PRISMA-COMERCIOS,,,
1703,,MAST EST.:0064567688,,,
1704,22/05/24,ING. BRUTOS S/ CRED,,"-107,44","612.841,02"
1705,,LEY 12837-BS.AS.,,,
1706,22/05/24,IMP. CRE. LEY 25413,,"-35,81","612.805,21"
1707,,ALICUOTA GENERAL,,,
1708,22/05/24,IMP. DEB. LEY 25413,,"-0,64","612.804,57"
1709,,ALICUOTA GENERAL,,,
1710,22/05/24,ACREDITAMIENTO,"7.855,90",,"620.660,47"
1711,,PRISMA-COMERCIOS,,,
1712,,MAST EST.:0064565278,,,
1713,22/05/24,ING. BRUTOS S/ CRED,,"-141,41","620.519,06"
1714,,LEY 12837-BS.AS.,,,
1715,22/05/24,IMP. CRE. LEY 25413,,"-47,14","620.471,92"
1716,,ALICUOTA GENERAL,,,
1717,22/05/24,IMP. DEB. LEY 25413,,"-0,85","620.471,07"
1718,,ALICUOTA GENERAL,,,
1719,22/05/24,ACREDITAMIENTO,"10.484,69",,"630.955,76"
1720,,PRISMA-COMERCIOS,,,
1721,,MAST EST.:0064538986,,,
1722,22/05/24,ING. BRUTOS S/ CRED,,"-188,72","630.767,04"
1723,,LEY 12837-BS.AS.,,,
1724,22/05/24,IMP. CRE. LEY 25413,,"-62,91","630.704,13"
1725,,ALICUOTA GENERAL,,,
1726,22/05/24,IMP. DEB. LEY 25413,,"-1,13","630.703,00"
1727,,ALICUOTA GENERAL,,,
1728,22/05/24,ACREDITAMIENTO,"16.775,51",,"647.478,51"
1729,,PRISMA-COMERCIOS,,,
1730,,VISA EST.:0064567639,,,
1731,22/05/24,ING. BRUTOS S/ CRED,,"-301,96","647.176,55"
1732,,,,,
1733,22/05/24,IMP. CRE. LEY 25413,,"-100,65","647.075,90"
1734,,ALICUOTA GENERAL,,,
1735,22/05/24,IMP. DEB. LEY 25413,,"-1,81","647.074,09"
1736,,ALICUOTA GENERAL,,,
1737,22/05/24,ACREDITAMIENTO,"19.496,65",,"666.570,74"
1738,,PRISMA-COMERCIOS,,,
1739,,VISA EST.:0086629359,,,
1740,22/05/24,ING. BRUTOS S/ CRED,,"-350,94","666.219,80"
1741,,LEY 12837-BS.AS.,,,
1742,22/05/24,IMP. CRE. LEY 25413,,"-116,98","666.102,82"
1743,,ALICUOTA GENERAL,,,
1744,22/05/24,IMP. DEB. LEY 25413,,"-2,11","666.100,71"
1745,,ALICUOTA GENERAL,,,
1746,22/05/24,ACREDITAMIENTO,"32.209,95",,"698.310,66"
1747,,PRISMA-COMERCIOS,,,
1748,,VISA EST.:0064538945,,,
1749,22/05/24,ING. BRUTOS S/ CRED,,"-579,78","697.730,88"
1750,,LEY 12837-BS.AS.,,,
1751,22/05/24,IMP. CRE. LEY 25413,,"-193,26","697.537,62"
1752,,ALICUOTA GENERAL,,,
1753,22/05/24,IMP. DEB. LEY 25413,,"-3,48","697.534,14"
1754,,ALICUOTA GENERAL,,,
1755,22/05/24,TRANSF INMED CP,,"-445.000,00","252.534,14"
1756,,KIOSKACHO MAOS SRL,,,
1757,,30717876667,,,
1758,,0196753590,,,
1759,,TRANSF.PROPIAS,,,
1760,,BANCO DE LA PROVINCI,,,
1761,22/05/24,TRANSF. AFIP,,"-99.536,66","152.997,48"
1762,,0196782029,,,
1763,,VEP 1272351928,,,
1764,22/05/24,IMP. DEB. LEY 25413,,"-597,22","152.400,26"
1765,,ALICUOTA GENERAL,,,
1766,23/05/24,ACREDITAMIENTO,"206,75",,"152.607,01"
1767,,PRISMA-COMERCIOS,,,
1768,,VISA EST.:0064567639,,,
1769,23/05/24,ING. BRUTOS S/ CRED,,"-3,72","152.603,29"
1770,,LEY 12837-BS.AS.,,,
1771,23/05/24,IMP. CRE. LEY 25413,,"-1,24","152.602,05"
1772,,ALICUOTA GENERAL,,,
1773,23/05/24,IMP. DEB. LEY 25413,,"-0,02","152.602,03"
1774,,ALICUOTA GENERAL,,,
1775,,,,,
1776,23/05/24,ACREDITAMIENTO,"771,05",,"153.373,08"
1777,,PRISMA-COMERCIOS,,,
1778,,VISA EST.:0064567639,,,
1779,23/05/24,ING. BRUTOS S/ CRED,,"-13,88","153.359,20"
1780,,LEY 12837-BS.AS.,,,
1781,23/05/24,IMP. CRE. LEY 25413,,"-4,63","153.354,57"
1782,,ALICUOTA GENERAL,,,
1783,23/05/24,IMP. DEB. LEY 25413,,"-0,08","153.354,49"
1784,,ALICUOTA GENERAL,,,
1785,23/05/24,ACREDITAMIENTO,"1.072,86",,"154.427,35"
1786,,PRISMA-COMERCIOS,,,
1787,,MAST EST.:0097348734,,,
1788,23/05/24,ING. BRUTOS S/ CRED,,"-19,31","154.408,04"
1789,,LEY 12837-BS.AS.,,,
1790,23/05/24,IMP. CRE. LEY 25413,,"-6,44","154.401,60"
1791,,ALICUOTA GENERAL,,,
1792,23/05/24,IMP. DEB. LEY 25413,,"-0,12","154.401,48"
1793,,ALICUOTA GENERAL,,,
1794,23/05/24,ACREDITAMIENTO,"1.726,98",,"156.128,46"
1795,,PRISMA-COMERCIOS,,,
1796,,MAST EST.:0097348734,,,
1797,23/05/24,ING. BRUTOS S/ CRED,,"-31,09","156.097,37"
1798,,LEY 12837-BS.AS.,,,
1799,23/05/24,IMP. CRE. LEY 25413,,"-10,36","156.087,01"
1800,,ALICUOTA GENERAL,,,
1801,23/05/24,IMP. DEB. LEY 25413,,"-0,19","156.086,82"
1802,,ALICUOTA GENERAL,,,
1803,23/05/24,ACREDITAMIENTO,"1.819,27",,"157.906,09"
1804,,PRISMA-COMERCIOS,,,
1805,,MAST EST.:0064565278,,,
1806,23/05/24,ING. BRUTOS S/ CRED,,"-32,75","157.873,34"
1807,,LEY 12837-BS.AS.,,,
1808,23/05/24,IMP. CRE. LEY 25413,,"-10,92","157.862,42"
1809,,ALICUOTA GENERAL,,,
1810,23/05/24,IMP. DEB. LEY 25413,,"-0,20","157.862,22"
1811,,ALICUOTA GENERAL,,,
1812,23/05/24,ACREDITAMIENTO,"2.298,89",,"160.161,11"
1813,,PRISMA-COMERCIOS,,,
1814,,MAST EST.:0064538986,,,
1815,23/05/24,ING. BRUTOS S/ CRED,,"-41,38","160.119,73"
1816,,LEY 12837-BS.AS.,,,
1817,23/05/24,IMP. CRE. LEY 25413,,"-13,79","160.105,94"
1818,,,,,
1819,23/05/24,IMP. DEB. LEY 25413,,"-0,25","160.105,69"
1820,,ALICUOTA GENERAL,,,
1821,23/05/24,ACREDITAMIENTO,"2.770,25",,"162.875,94"
1822,,PRISMA-COMERCIOS,,,
1823,,MAST EST.:0064567688,,,
1824,23/05/24,ING. BRUTOS S/ CRED,,"-49,86","162.826,08"
1825,,LEY 12837-BS.AS.,,,
1826,23/05/24,IMP. CRE. LEY 25413,,"-16,62","162.809,46"
1827,,ALICUOTA GENERAL,,,
1828,23/05/24,IMP. DEB. LEY 25413,,"-0,30","162.809,16"
1829,,ALICUOTA GENERAL,,,
1830,23/05/24,ACREDITAMIENTO,"2.789,36",,"165.598,52"
1831,,PRISMA-COMERCIOS,,,
1832,,VISA EST.:0064538945,,,
1833,23/05/24,ING. BRUTOS S/ CRED,,"-50,21","165.548,31"
1834,,LEY 12837-BS.AS.,,,
1835,23/05/24,IMP. CRE. LEY 25413,,"-16,74","165.531,57"
1836,,ALICUOTA GENERAL,,,
1837,23/05/24,IMP. DEB. LEY 25413,,"-0,30","165.531,27"
1838,,ALICUOTA GENERAL,,,
1839,23/05/24,ACREDITAMIENTO,"6.242,05",,"171.773,32"
1840,,PRISMA-COMERCIOS,,,
1841,,MAST EST.:0064565278,,,
1842,23/05/24,ING. BRUTOS S/ CRED,,"-112,36","171.660,96"
1843,,LEY 12837-BS.AS.,,,
1844,23/05/24,IMP. CRE. LEY 25413,,"-37,45","171.623,51"
1845,,ALICUOTA GENERAL,,,
1846,23/05/24,IMP. DEB. LEY 25413,,"-0,67","171.622,84"
1847,,ALICUOTA GENERAL,,,
1848,23/05/24,ACREDITAMIENTO,"7.509,97",,"179.132,81"
1849,,PRISMA-COMERCIOS,,,
1850,,VISA EST.:0064565229,,,
1851,23/05/24,ING. BRUTOS S/ CRED,,"-135,18","178.997,63"
1852,,LEY 12837-BS.AS.,,,
1853,23/05/24,IMP. CRE. LEY 25413,,"-45,06","178.952,57"
1854,,ALICUOTA GENERAL,,,
1855,23/05/24,IMP. DEB. LEY 25413,,"-0,81","178.951,76"
1856,,ALICUOTA GENERAL,,,
1857,23/05/24,ACREDITAMIENTO,"7.900,10",,"186.851,86"
1858,,PRISMA-COMERCIOS,,,
1859,,MAST EST.:0064567688,,,
1860,23/05/24,ING. BRUTOS S/ CRED,,"-142,20","186.709,66"
1861,,,,,
1862,23/05/24,IMP. CRE. LEY 25413,,"-47,40","186.662,26"
1863,,ALICUOTA GENERAL,,,
1864,23/05/24,IMP. DEB. LEY 25413,,"-0,85","186.661,41"
1865,,ALICUOTA GENERAL,,,
1866,23/05/24,ACREDITAMIENTO,"9.431,35",,"196.092,76"
1867,,PRISMA-COMERCIOS,,,
1868,,VISA EST.:0086629359,,,
1869,23/05/24,ING. BRUTOS S/ CRED,,"-169,76","195.923,00"
1870,,LEY 12837-BS.AS.,,,
1871,23/05/24,IMP. CRE. LEY 25413,,"-56,59","195.866,41"
1872,,ALICUOTA GENERAL,,,
1873,23/05/24,IMP. DEB. LEY 25413,,"-1,02","195.865,39"
1874,,ALICUOTA GENERAL,,,
1875,23/05/24,ACREDITAMIENTO,"14.015,35",,"209.880,74"
1876,,PRISMA-COMERCIOS,,,
1877,,VISA EST.:0064567639,,,
1878,23/05/24,ING. BRUTOS S/ CRED,,"-252,28","209.628,46"
1879,,LEY 12837-BS.AS.,,,
1880,23/05/24,IMP. CRE. LEY 25413,,"-84,09","209.544,37"
1881,,ALICUOTA GENERAL,,,
1882,23/05/24,IMP. DEB. LEY 25413,,"-1,51","209.542,86"
1883,,ALICUOTA GENERAL,,,
1884,23/05/24,ACREDITAMIENTO,"14.932,15",,"224.475,01"
1885,,PRISMA-COMERCIOS,,,
1886,,VISA EST.:0064538945,,,
1887,23/05/24,ING. BRUTOS S/ CRED,,"-268,78","224.206,23"
1888,,LEY 12837-BS.AS.,,,
1889,23/05/24,IMP. CRE. LEY 25413,,"-89,59","224.116,64"
1890,,ALICUOTA GENERAL,,,
1891,23/05/24,IMP. DEB. LEY 25413,,"-1,61","224.115,03"
1892,,ALICUOTA GENERAL,,,
1893,23/05/24,ACREDITAMIENTO,"23.022,44",,"247.137,47"
1894,,PRISMA-COMERCIOS,,,
1895,,MAST EST.:0064538986,,,
1896,23/05/24,ING. BRUTOS S/ CRED,,"-414,40","246.723,07"
1897,,LEY 12837-BS.AS.,,,
1898,23/05/24,IMP. CRE. LEY 25413,,"-138,13","246.584,94"
1899,,ALICUOTA GENERAL,,,
1900,23/05/24,IMP. DEB. LEY 25413,,"-2,49","246.582,45"
1901,,ALICUOTA GENERAL,,,
1902,24/05/24,ACREDITAMIENTO,"975,80",,"247.558,25"
1903,,PRISMA-COMERCIOS,,,
1904,,,,,
1905,24/05/24,ING. BRUTOS S/ CRED,,"-17,56","247.540,69"
1906,,LEY 12837-BS.AS.,,,
1907,24/05/24,IMP. CRE. LEY 25413,,"-5,85","247.534,84"
1908,,ALICUOTA GENERAL,,,
1909,24/05/24,IMP. DEB. LEY 25413,,"-0,11","247.534,73"
1910,,ALICUOTA GENERAL,,,
1911,24/05/24,ACREDITAMIENTO,"2.343,12",,"249.877,85"
1912,,PRISMA-COMERCIOS,,,
1913,,VISA EST.:0097348684,,,
1914,24/05/24,ING. BRUTOS S/ CRED,,"-42,18","249.835,67"
1915,,LEY 12837-BS.AS.,,,
1916,24/05/24,IMP. CRE. LEY 25413,,"-14,06","249.821,61"
1917,,ALICUOTA GENERAL,,,
1918,24/05/24,IMP. DEB. LEY 25413,,"-0,25","249.821,36"
1919,,ALICUOTA GENERAL,,,
1920,24/05/24,ACREDITAMIENTO,"2.808,93",,"252.630,29"
1921,,PRISMA-COMERCIOS,,,
1922,,MAST EST.:0064567688,,,
1923,24/05/24,ING. BRUTOS S/ CRED,,"-50,56","252.579,73"
1924,,LEY 12837-BS.AS.,,,
1925,24/05/24,IMP. CRE. LEY 25413,,"-16,85","252.562,88"
1926,,ALICUOTA GENERAL,,,
1927,24/05/24,IMP. DEB. LEY 25413,,"-0,30","252.562,58"
1928,,ALICUOTA GENERAL,,,
1929,24/05/24,ACREDITAMIENTO,"3.991,26",,"256.553,84"
1930,,PRISMA-COMERCIOS,,,
1931,,VISA EST.:0086629359,,,
1932,24/05/24,ING. BRUTOS S/ CRED,,"-71,84","256.482,00"
1933,,LEY 12837-BS.AS.,,,
1934,24/05/24,IMP. CRE. LEY 25413,,"-23,95","256.458,05"
1935,,ALICUOTA GENERAL,,,
1936,24/05/24,IMP. DEB. LEY 25413,,"-0,43","256.457,62"
1937,,ALICUOTA GENERAL,,,
1938,24/05/24,ACREDITAMIENTO,"4.738,37",,"261.195,99"
1939,,PRISMA-COMERCIOS,,,
1940,,MAST EST.:0064567688,,,
1941,24/05/24,ING. BRUTOS S/ CRED,,"-85,29","261.110,70"
1942,,LEY 12837-BS.AS.,,,
1943,24/05/24,IMP. CRE. LEY 25413,,"-28,43","261.082,27"
1944,,ALICUOTA GENERAL,,,
1945,24/05/24,IMP. DEB. LEY 25413,,"-0,51","261.081,76"
1946,,ALICUOTA GENERAL,,,
1947,,,,,
1948,24/05/24,ACREDITAMIENTO,"5.500,81",,"266.582,57"
1949,,PRISMA-COMERCIOS,,,
1950,,MAST EST.:0086629409,,,
1951,24/05/24,ING. BRUTOS S/ CRED,,"-99,01","266.483,56"
1952,,LEY 12837-BS.AS.,,,
1953,24/05/24,IMP. CRE. LEY 25413,,"-33,00","266.450,56"
1954,,ALICUOTA GENERAL,,,
1955,24/05/24,IMP. DEB. LEY 25413,,"-0,59","266.449,97"
1956,,ALICUOTA GENERAL,,,
1957,24/05/24,ACREDITAMIENTO,"8.582,82",,"275.032,79"
1958,,PRISMA-COMERCIOS,,,
1959,,VISA EST.:0064565229,,,
1960,24/05/24,ING. BRUTOS S/ CRED,,"-154,49","274.878,30"
1961,,LEY 12837-BS.AS.,,,
1962,24/05/24,IMP. CRE. LEY 25413,,"-51,50","274.826,80"
1963,,ALICUOTA GENERAL,,,
1964,24/05/24,IMP. DEB. LEY 25413,,"-0,93","274.825,87"
1965,,ALICUOTA GENERAL,,,
1966,24/05/24,ACREDITAMIENTO,"26.782,29",,"301.608,16"
1967,,PRISMA-COMERCIOS,,,
1968,,VISA EST.:0086629359,,,
1969,24/05/24,ING. BRUTOS S/ CRED,,"-482,08","301.126,08"
1970,,LEY 12837-BS.AS.,,,
1971,24/05/24,IMP. CRE. LEY 25413,,"-160,69","300.965,39"
1972,,ALICUOTA GENERAL,,,
1973,24/05/24,IMP. DEB. LEY 25413,,"-2,89","300.962,50"
1974,,ALICUOTA GENERAL,,,
1975,24/05/24,ACREDITAMIENTO,"39.237,13",,"340.199,63"
1976,,PRISMA-COMERCIOS,,,
1977,,VISA EST.:0064567639,,,
1978,24/05/24,ING. BRUTOS S/ CRED,,"-706,27","339.493,36"
1979,,LEY 12837-BS.AS.,,,
1980,24/05/24,IMP. CRE. LEY 25413,,"-235,42","339.257,94"
1981,,ALICUOTA GENERAL,,,
1982,24/05/24,IMP. DEB. LEY 25413,,"-4,24","339.253,70"
1983,,ALICUOTA GENERAL,,,
1984,24/05/24,ACREDITAMIENTO,"44.274,66",,"383.528,36"
1985,,PRISMA-COMERCIOS,,,
1986,,VISA EST.:0064538945,,,
1987,24/05/24,ING. BRUTOS S/ CRED,,"-796,94","382.731,42"
1988,,LEY 12837-BS.AS.,,,
1989,24/05/24,IMP. CRE. LEY 25413,,"-265,65","382.465,77"
1990,,,,,
1991,24/05/24,IMP. DEB. LEY 25413,,"-4,78","382.460,99"
1992,,ALICUOTA GENERAL,,,
1993,27/05/24,COMPRA DEBITO 0121,,"-222.478,84","159.982,15"
1994,,WWW.FEDERACION.PATRO,,,
1995,,4173090001012230,,,
1996,27/05/24,IMP. DEB. LEY 25413,,"-1.334,87","158.647,28"
1997,,ALICUOTA GENERAL,,,
1998,27/05/24,ACREDITAMIENTO,"777,33",,"159.424,61"
1999,,PRISMA-COMERCIOS,,,
2000,,VISA EST.:0086629359,,,
2001,27/05/24,ING. BRUTOS S/ CRED,,"-13,99","159.410,62"
2002,,LEY 12837-BS.AS.,,,
2003,27/05/24,IMP. CRE. LEY 25413,,"-4,66","159.405,96"
2004,,ALICUOTA GENERAL,,,
2005,27/05/24,IMP. DEB. LEY 25413,,"-0,08","159.405,88"
2006,,ALICUOTA GENERAL,,,
2007,27/05/24,ACREDITAMIENTO,"936,31",,"160.342,19"
2008,,PRISMA-COMERCIOS,,,
2009,,MAST EST.:0097348734,,,
2010,27/05/24,ING. BRUTOS S/ CRED,,"-16,85","160.325,34"
2011,,LEY 12837-BS.AS.,,,
2012,27/05/24,IMP. CRE. LEY 25413,,"-5,62","160.319,72"
2013,,ALICUOTA GENERAL,,,
2014,27/05/24,IMP. DEB. LEY 25413,,"-0,10","160.319,62"
2015,,ALICUOTA GENERAL,,,
2016,27/05/24,ACREDITAMIENTO,"1.562,08",,"161.881,70"
2017,,PRISMA-COMERCIOS,,,
2018,,VISA EST.:0097348684,,,
2019,27/05/24,ING. BRUTOS S/ CRED,,"-28,12","161.853,58"
2020,,LEY 12837-BS.AS.,,,
2021,27/05/24,IMP. CRE. LEY 25413,,"-9,37","161.844,21"
2022,,ALICUOTA GENERAL,,,
2023,27/05/24,IMP. DEB. LEY 25413,,"-0,17","161.844,04"
2024,,ALICUOTA GENERAL,,,
2025,27/05/24,ACREDITAMIENTO,"1.852,36",,"163.696,40"
2026,,PRISMA-COMERCIOS,,,
2027,,MAST EST.:0064567688,,,
2028,27/05/24,ING. BRUTOS S/ CRED,,"-33,34","163.663,06"
2029,,LEY 12837-BS.AS.,,,
2030,27/05/24,IMP. CRE. LEY 25413,,"-11,11","163.651,95"
2031,,ALICUOTA GENERAL,,,
2032,27/05/24,IMP. DEB. LEY 25413,,"-0,20","163.651,75"
2033,,,,,
2034,27/05/24,ACREDITAMIENTO,"3.803,75",,"167.455,50"
2035,,PRISMA-COMERCIOS,,,
2036,,VISA EST.:0097348684,,,
2037,27/05/24,ING. BRUTOS S/ CRED,,"-68,47","167.387,03"
2038,,LEY 12837-BS.AS.,,,
2039,27/05/24,IMP. CRE. LEY 25413,,"-22,82","167.364,21"
2040,,ALICUOTA GENERAL,,,
2041,27/05/24,IMP. DEB. LEY 25413,,"-0,41","167.363,80"
2042,,ALICUOTA GENERAL,,,
2043,27/05/24,ACREDITAMIENTO,"4.465,46",,"171.829,26"
2044,,PRISMA-COMERCIOS,,,
2045,,MAST EST.:0064565278,,,
2046,27/05/24,ING. BRUTOS S/ CRED,,"-80,38","171.748,88"
2047,,LEY 12837-BS.AS.,,,
2048,27/05/24,IMP. CRE. LEY 25413,,"-26,79","171.722,09"
2049,,ALICUOTA GENERAL,,,
2050,27/05/24,IMP. DEB. LEY 25413,,"-0,48","171.721,61"
2051,,ALICUOTA GENERAL,,,
2052,27/05/24,ACREDITAMIENTO,"5.042,24",,"176.763,85"
2053,,PRISMA-COMERCIOS,,,
2054,,MAST EST.:0064538986,,,
2055,27/05/24,ING. BRUTOS S/ CRED,,"-90,76","176.673,09"
2056,,LEY 12837-BS.AS.,,,
2057,27/05/24,IMP. CRE. LEY 25413,,"-30,25","176.642,84"
2058,,ALICUOTA GENERAL,,,
2059,27/05/24,IMP. DEB. LEY 25413,,"-0,54","176.642,30"
2060,,ALICUOTA GENERAL,,,
2061,27/05/24,ACREDITAMIENTO,"5.333,74",,"181.976,04"
2062,,PRISMA-COMERCIOS,,,
2063,,VISA EST.:0064565229,,,
2064,27/05/24,ING. BRUTOS S/ CRED,,"-96,01","181.880,03"
2065,,LEY 12837-BS.AS.,,,
2066,27/05/24,IMP. CRE. LEY 25413,,"-32,00","181.848,03"
2067,,ALICUOTA GENERAL,,,
2068,27/05/24,IMP. DEB. LEY 25413,,"-0,58","181.847,45"
2069,,ALICUOTA GENERAL,,,
2070,27/05/24,ACREDITAMIENTO,"5.481,30",,"187.328,75"
2071,,PRISMA-COMERCIOS,,,
2072,,MAST EST.:0064567688,,,
2073,27/05/24,ING. BRUTOS S/ CRED,,"-98,66","187.230,09"
2074,,LEY 12837-BS.AS.,,,
2075,27/05/24,IMP. CRE. LEY 25413,,"-32,89","187.197,20"
2076,,,,,
2077,27/05/24,IMP. DEB. LEY 25413,,"-0,59","187.196,61"
2078,,ALICUOTA GENERAL,,,
2079,27/05/24,ACREDITAMIENTO,"5.851,92",,"193.048,53"
2080,,PRISMA-COMERCIOS,,,
2081,,VISA EST.:0064565229,,,
2082,27/05/24,ING. BRUTOS S/ CRED,,"-105,33","192.943,20"
2083,,LEY 12837-BS.AS.,,,
2084,27/05/24,IMP. CRE. LEY 25413,,"-35,11","192.908,09"
2085,,ALICUOTA GENERAL,,,
2086,27/05/24,IMP. DEB. LEY 25413,,"-0,63","192.907,46"
2087,,ALICUOTA GENERAL,,,
2088,27/05/24,ACREDITAMIENTO,"8.143,93",,"201.051,39"
2089,,PRISMA-COMERCIOS,,,
2090,,MAST EST.:0064565278,,,
2091,27/05/24,ING. BRUTOS S/ CRED,,"-146,59","200.904,80"
2092,,LEY 12837-BS.AS.,,,
2093,27/05/24,IMP. CRE. LEY 25413,,"-48,86","200.855,94"
2094,,ALICUOTA GENERAL,,,
2095,27/05/24,IMP. DEB. LEY 25413,,"-0,88","200.855,06"
2096,,ALICUOTA GENERAL,,,
2097,27/05/24,ACREDITAMIENTO,"11.274,70",,"212.129,76"
2098,,PRISMA-COMERCIOS,,,
2099,,VISA EST.:0064567639,,,
2100,27/05/24,ING. BRUTOS S/ CRED,,"-202,94","211.926,82"
2101,,LEY 12837-BS.AS.,,,
2102,27/05/24,IMP. CRE. LEY 25413,,"-67,65","211.859,17"
2103,,ALICUOTA GENERAL,,,
2104,27/05/24,IMP. DEB. LEY 25413,,"-1,22","211.857,95"
2105,,ALICUOTA GENERAL,,,
2106,27/05/24,ACREDITAMIENTO,"18.822,39",,"230.680,34"
2107,,PRISMA-COMERCIOS,,,
2108,,VISA EST.:0064538945,,,
2109,27/05/24,ING. BRUTOS S/ CRED,,"-338,80","230.341,54"
2110,,LEY 12837-BS.AS.,,,
2111,27/05/24,IMP. CRE. LEY 25413,,"-112,93","230.228,61"
2112,,ALICUOTA GENERAL,,,
2113,27/05/24,IMP. DEB. LEY 25413,,"-2,03","230.226,58"
2114,,ALICUOTA GENERAL,,,
2115,27/05/24,ACREDITAMIENTO,"19.711,22",,"249.937,80"
2116,,PRISMA-COMERCIOS,,,
2117,,VISA EST.:0086629359,,,
2118,27/05/24,ING. BRUTOS S/ CRED,,"-354,80","249.583,00"
2119,,,,,
2120,27/05/24,IMP. CRE. LEY 25413,,"-118,27","249.464,73"
2121,,ALICUOTA GENERAL,,,
2122,27/05/24,IMP. DEB. LEY 25413,,"-2,13","249.462,60"
2123,,ALICUOTA GENERAL,,,
2124,27/05/24,ACREDITAMIENTO,"20.469,05",,"269.931,65"
2125,,PRISMA-COMERCIOS,,,
2126,,VISA EST.:0064538945,,,
2127,27/05/24,ING. BRUTOS S/ CRED,,"-368,44","269.563,21"
2128,,LEY 12837-BS.AS.,,,
2129,27/05/24,IMP. CRE. LEY 25413,,"-122,81","269.440,40"
2130,,ALICUOTA GENERAL,,,
2131,27/05/24,IMP. DEB. LEY 25413,,"-2,21","269.438,19"
2132,,ALICUOTA GENERAL,,,
2133,28/05/24,ACREDITAMIENTO,"438,90",,"269.877,09"
2134,,PRISMA-COMERCIOS,,,
2135,,MAST EST.:0064567688,,,
2136,28/05/24,ING. BRUTOS S/ CRED,,"-7,90","269.869,19"
2137,,LEY 12837-BS.AS.,,,
2138,28/05/24,IMP. CRE. LEY 25413,,"-2,63","269.866,56"
2139,,ALICUOTA GENERAL,,,
2140,28/05/24,IMP. DEB. LEY 25413,,"-0,05","269.866,51"
2141,,ALICUOTA GENERAL,,,
2142,28/05/24,ACREDITAMIENTO,"1.488,49",,"271.355,00"
2143,,PRISMA-COMERCIOS,,,
2144,,MAST EST.:0064567688,,,
2145,28/05/24,ING. BRUTOS S/ CRED,,"-26,79","271.328,21"
2146,,LEY 12837-BS.AS.,,,
2147,28/05/24,IMP. CRE. LEY 25413,,"-8,93","271.319,28"
2148,,ALICUOTA GENERAL,,,
2149,28/05/24,IMP. DEB. LEY 25413,,"-0,16","271.319,12"
2150,,ALICUOTA GENERAL,,,
2151,28/05/24,ACREDITAMIENTO,"1.819,27",,"273.138,39"
2152,,PRISMA-COMERCIOS,,,
2153,,VISA EST.:0064565229,,,
2154,28/05/24,ING. BRUTOS S/ CRED,,"-32,75","273.105,64"
2155,,LEY 12837-BS.AS.,,,
2156,28/05/24,IMP. CRE. LEY 25413,,"-10,92","273.094,72"
2157,,ALICUOTA GENERAL,,,
2158,28/05/24,IMP. DEB. LEY 25413,,"-0,20","273.094,52"
2159,,ALICUOTA GENERAL,,,
2160,28/05/24,ACREDITAMIENTO,"1.918,50",,"275.013,02"
2161,,PRISMA-COMERCIOS,,,
2162,,,,,
2163,28/05/24,ING. BRUTOS S/ CRED,,"-34,53","274.978,49"
2164,,LEY 12837-BS.AS.,,,
2165,28/05/24,IMP. CRE. LEY 25413,,"-11,51","274.966,98"
2166,,ALICUOTA GENERAL,,,
2167,28/05/24,IMP. DEB. LEY 25413,,"-0,21","274.966,77"
2168,,ALICUOTA GENERAL,,,
2169,28/05/24,ACREDITAMIENTO,"2.232,73",,"277.199,50"
2170,,PRISMA-COMERCIOS,,,
2171,,MAST EST.:0064538986,,,
2172,28/05/24,ING. BRUTOS S/ CRED,,"-40,19","277.159,31"
2173,,LEY 12837-BS.AS.,,,
2174,28/05/24,IMP. CRE. LEY 25413,,"-13,40","277.145,91"
2175,,ALICUOTA GENERAL,,,
2176,28/05/24,IMP. DEB. LEY 25413,,"-0,24","277.145,67"
2177,,ALICUOTA GENERAL,,,
2178,28/05/24,ACREDITAMIENTO,"2.311,51",,"279.457,18"
2179,,PRISMA-COMERCIOS,,,
2180,,MAST EST.:0064565278,,,
2181,28/05/24,ING. BRUTOS S/ CRED,,"-41,61","279.415,57"
2182,,LEY 12837-BS.AS.,,,
2183,28/05/24,IMP. CRE. LEY 25413,,"-13,87","279.401,70"
2184,,ALICUOTA GENERAL,,,
2185,28/05/24,IMP. DEB. LEY 25413,,"-0,25","279.401,45"
2186,,ALICUOTA GENERAL,,,
2187,28/05/24,ACREDITAMIENTO,"3.762,56",,"283.164,01"
2188,,PRISMA-COMERCIOS,,,
2189,,MAST EST.:0086629409,,,
2190,28/05/24,ING. BRUTOS S/ CRED,,"-67,73","283.096,28"
2191,,LEY 12837-BS.AS.,,,
2192,28/05/24,IMP. CRE. LEY 25413,,"-22,58","283.073,70"
2193,,ALICUOTA GENERAL,,,
2194,28/05/24,IMP. DEB. LEY 25413,,"-0,41","283.073,29"
2195,,ALICUOTA GENERAL,,,
2196,28/05/24,ACREDITAMIENTO,"4.339,11",,"287.412,40"
2197,,PRISMA-COMERCIOS,,,
2198,,MAST EST.:0097348734,,,
2199,28/05/24,ING. BRUTOS S/ CRED,,"-78,10","287.334,30"
2200,,LEY 12837-BS.AS.,,,
2201,28/05/24,IMP. CRE. LEY 25413,,"-26,03","287.308,27"
2202,,ALICUOTA GENERAL,,,
2203,28/05/24,IMP. DEB. LEY 25413,,"-0,47","287.307,80"
2204,,ALICUOTA GENERAL,,,
2205,,,,,
2206,28/05/24,ACREDITAMIENTO,"5.995,29",,"293.303,09"
2207,,PRISMA-COMERCIOS,,,
2208,,MAST EST.:0064565278,,,
2209,28/05/24,ING. BRUTOS S/ CRED,,"-107,92","293.195,17"
2210,,LEY 12837-BS.AS.,,,
2211,28/05/24,IMP. CRE. LEY 25413,,"-35,97","293.159,20"
2212,,ALICUOTA GENERAL,,,
2213,28/05/24,IMP. DEB. LEY 25413,,"-0,65","293.158,55"
2214,,ALICUOTA GENERAL,,,
2215,28/05/24,ACREDITAMIENTO,"9.216,78",,"302.375,33"
2216,,PRISMA-COMERCIOS,,,
2217,,VISA EST.:0097348684,,,
2218,28/05/24,ING. BRUTOS S/ CRED,,"-165,90","302.209,43"
2219,,LEY 12837-BS.AS.,,,
2220,28/05/24,IMP. CRE. LEY 25413,,"-55,30","302.154,13"
2221,,ALICUOTA GENERAL,,,
2222,28/05/24,IMP. DEB. LEY 25413,,"-1,00","302.153,13"
2223,,ALICUOTA GENERAL,,,
2224,28/05/24,ACREDITAMIENTO,"9.265,54",,"311.418,67"
2225,,PRISMA-COMERCIOS,,,
2226,,MAST EST.:0086629409,,,
2227,28/05/24,ING. BRUTOS S/ CRED,,"-166,78","311.251,89"
2228,,LEY 12837-BS.AS.,,,
2229,28/05/24,IMP. CRE. LEY 25413,,"-55,59","311.196,30"
2230,,ALICUOTA GENERAL,,,
2231,28/05/24,IMP. DEB. LEY 25413,,"-1,00","311.195,30"
2232,,ALICUOTA GENERAL,,,
2233,28/05/24,ACREDITAMIENTO,"12.957,14",,"324.152,44"
2234,,PRISMA-COMERCIOS,,,
2235,,MAST EST.:0064538986,,,
2236,28/05/24,ING. BRUTOS S/ CRED,,"-233,23","323.919,21"
2237,,LEY 12837-BS.AS.,,,
2238,28/05/24,IMP. CRE. LEY 25413,,"-77,74","323.841,47"
2239,,ALICUOTA GENERAL,,,
2240,28/05/24,IMP. DEB. LEY 25413,,"-1,40","323.840,07"
2241,,ALICUOTA GENERAL,,,
2242,28/05/24,ACREDITAMIENTO,"13.752,02",,"337.592,09"
2243,,PRISMA-COMERCIOS,,,
2244,,VISA EST.:0064565229,,,
2245,28/05/24,ING. BRUTOS S/ CRED,,"-247,54","337.344,55"
2246,,LEY 12837-BS.AS.,,,
2247,28/05/24,IMP. CRE. LEY 25413,,"-82,51","337.262,04"
2248,,,,,
2249,28/05/24,IMP. DEB. LEY 25413,,"-1,49","337.260,55"
2250,,ALICUOTA GENERAL,,,
2251,28/05/24,ACREDITAMIENTO,"37.686,37",,"374.946,92"
2252,,PRISMA-COMERCIOS,,,
2253,,VISA EST.:0064567639,,,
2254,28/05/24,ING. BRUTOS S/ CRED,,"-678,35","374.268,57"
2255,,LEY 12837-BS.AS.,,,
2256,28/05/24,IMP. CRE. LEY 25413,,"-226,12","374.042,45"
2257,,ALICUOTA GENERAL,,,
2258,28/05/24,IMP. DEB. LEY 25413,,"-4,07","374.038,38"
2259,,ALICUOTA GENERAL,,,
2260,28/05/24,ACREDITAMIENTO,"38.651,94",,"412.690,32"
2261,,PRISMA-COMERCIOS,,,
2262,,VISA EST.:0086629359,,,
2263,28/05/24,ING. BRUTOS S/ CRED,,"-695,73","411.994,59"
2264,,LEY 12837-BS.AS.,,,
2265,28/05/24,IMP. CRE. LEY 25413,,"-231,91","411.762,68"
2266,,ALICUOTA GENERAL,,,
2267,28/05/24,IMP. DEB. LEY 25413,,"-4,17","411.758,51"
2268,,ALICUOTA GENERAL,,,
2269,28/05/24,ACREDITAMIENTO,"68.900,50",,"480.659,01"
2270,,PRISMA-COMERCIOS,,,
2271,,VISA EST.:0064538945,,,
2272,28/05/24,ING. BRUTOS S/ CRED,,"-1.240,21","479.418,80"
2273,,LEY 12837-BS.AS.,,,
2274,28/05/24,IMP. CRE. LEY 25413,,"-413,40","479.005,40"
2275,,ALICUOTA GENERAL,,,
2276,28/05/24,IMP. DEB. LEY 25413,,"-7,44","478.997,96"
2277,,ALICUOTA GENERAL,,,
2278,29/05/24,ACREDITAMIENTO,"951,00",,"479.948,96"
2279,,PRISMA-COMERCIOS,,,
2280,,VISA EST.:0064567639,,,
2281,29/05/24,ING. BRUTOS S/ CRED,,"-17,12","479.931,84"
2282,,LEY 12837-BS.AS.,,,
2283,29/05/24,IMP. CRE. LEY 25413,,"-5,71","479.926,13"
2284,,ALICUOTA GENERAL,,,
2285,29/05/24,IMP. DEB. LEY 25413,,"-0,10","479.926,03"
2286,,ALICUOTA GENERAL,,,
2287,29/05/24,ACREDITAMIENTO,"1.560,52",,"481.486,55"
2288,,PRISMA-COMERCIOS,,,
2289,,MAST EST.:0064567688,,,
2290,29/05/24,ING. BRUTOS S/ CRED,,"-28,09","481.458,46"
2291,,,,,
2292,29/05/24,IMP. CRE. LEY 25413,,"-9,36","481.449,10"
2293,,ALICUOTA GENERAL,,,
2294,29/05/24,IMP. DEB. LEY 25413,,"-0,17","481.448,93"
2295,,ALICUOTA GENERAL,,,
2296,29/05/24,ACREDITAMIENTO,"1.853,11",,"483.302,04"
2297,,PRISMA-COMERCIOS,,,
2298,,VISA EST.:0097348684,,,
2299,29/05/24,ING. BRUTOS S/ CRED,,"-33,36","483.268,68"
2300,,LEY 12837-BS.AS.,,,
2301,29/05/24,IMP. CRE. LEY 25413,,"-11,12","483.257,56"
2302,,ALICUOTA GENERAL,,,
2303,29/05/24,IMP. DEB. LEY 25413,,"-0,20","483.257,36"
2304,,ALICUOTA GENERAL,,,
2305,29/05/24,ACREDITAMIENTO,"2.010,15",,"485.267,51"
2306,,PRISMA-COMERCIOS,,,
2307,,MAST EST.:0064538986,,,
2308,29/05/24,ING. BRUTOS S/ CRED,,"-36,18","485.231,33"
2309,,LEY 12837-BS.AS.,,,
2310,29/05/24,IMP. CRE. LEY 25413,,"-12,06","485.219,27"
2311,,ALICUOTA GENERAL,,,
2312,29/05/24,IMP. DEB. LEY 25413,,"-0,22","485.219,05"
2313,,ALICUOTA GENERAL,,,
2314,29/05/24,ACREDITAMIENTO,"2.438,30",,"487.657,35"
2315,,PRISMA-COMERCIOS,,,
2316,,MAST EST.:0097348734,,,
2317,29/05/24,ING. BRUTOS S/ CRED,,"-43,89","487.613,46"
2318,,LEY 12837-BS.AS.,,,
2319,29/05/24,IMP. CRE. LEY 25413,,"-14,63","487.598,83"
2320,,ALICUOTA GENERAL,,,
2321,29/05/24,IMP. DEB. LEY 25413,,"-0,26","487.598,57"
2322,,ALICUOTA GENERAL,,,
2323,29/05/24,ACREDITAMIENTO,"2.826,48",,"490.425,05"
2324,,PRISMA-COMERCIOS,,,
2325,,MAST EST.:0064538986,,,
2326,29/05/24,ING. BRUTOS S/ CRED,,"-50,88","490.374,17"
2327,,LEY 12837-BS.AS.,,,
2328,29/05/24,IMP. CRE. LEY 25413,,"-16,96","490.357,21"
2329,,ALICUOTA GENERAL,,,
2330,29/05/24,IMP. DEB. LEY 25413,,"-0,31","490.356,90"
2331,,ALICUOTA GENERAL,,,
2332,29/05/24,ACREDITAMIENTO,"3.384,37",,"493.741,27"
2333,,PRISMA-COMERCIOS,,,
2334,,,,,
2335,29/05/24,ING. BRUTOS S/ CRED,,"-60,92","493.680,35"
2336,,LEY 12837-BS.AS.,,,
2337,29/05/24,IMP. CRE. LEY 25413,,"-20,31","493.660,04"
2338,,ALICUOTA GENERAL,,,
2339,29/05/24,IMP. DEB. LEY 25413,,"-0,37","493.659,67"
2340,,ALICUOTA GENERAL,,,
2341,29/05/24,ACREDITAMIENTO,"3.592,14",,"497.251,81"
2342,,PRISMA-COMERCIOS,,,
2343,,VISA EST.:0064538945,,,
2344,29/05/24,ING. BRUTOS S/ CRED,,"-64,66","497.187,15"
2345,,LEY 12837-BS.AS.,,,
2346,29/05/24,IMP. CRE. LEY 25413,,"-21,55","497.165,60"
2347,,ALICUOTA GENERAL,,,
2348,29/05/24,IMP. DEB. LEY 25413,,"-0,39","497.165,21"
2349,,ALICUOTA GENERAL,,,
2350,29/05/24,ACREDITAMIENTO,"4.052,01",,"501.217,22"
2351,,PRISMA-COMERCIOS,,,
2352,,MAST EST.:0064565278,,,
2353,29/05/24,ING. BRUTOS S/ CRED,,"-72,94","501.144,28"
2354,,LEY 12837-BS.AS.,,,
2355,29/05/24,IMP. CRE. LEY 25413,,"-24,31","501.119,97"
2356,,ALICUOTA GENERAL,,,
2357,29/05/24,IMP. DEB. LEY 25413,,"-0,44","501.119,53"
2358,,ALICUOTA GENERAL,,,
2359,29/05/24,ACREDITAMIENTO,"6.046,99",,"507.166,52"
2360,,PRISMA-COMERCIOS,,,
2361,,MAST EST.:0064565278,,,
2362,29/05/24,ING. BRUTOS S/ CRED,,"-108,85","507.057,67"
2363,,LEY 12837-BS.AS.,,,
2364,29/05/24,IMP. CRE. LEY 25413,,"-36,28","507.021,39"
2365,,ALICUOTA GENERAL,,,
2366,29/05/24,IMP. DEB. LEY 25413,,"-0,65","507.020,74"
2367,,ALICUOTA GENERAL,,,
2368,29/05/24,ACREDITAMIENTO,"6.681,65",,"513.702,39"
2369,,PRISMA-COMERCIOS,,,
2370,,MAST EST.:0064567688,,,
2371,29/05/24,ING. BRUTOS S/ CRED,,"-120,27","513.582,12"
2372,,LEY 12837-BS.AS.,,,
2373,29/05/24,IMP. CRE. LEY 25413,,"-40,09","513.542,03"
2374,,ALICUOTA GENERAL,,,
2375,29/05/24,IMP. DEB. LEY 25413,,"-0,72","513.541,31"
2376,,ALICUOTA GENERAL,,,
2377,,,,,
2378,29/05/24,ACREDITAMIENTO,"7.363,67",,"520.904,98"
2379,,PRISMA-COMERCIOS,,,
2380,,VISA EST.:0086629359,,,
2381,29/05/24,ING. BRUTOS S/ CRED,,"-132,55","520.772,43"
2382,,LEY 12837-BS.AS.,,,
2383,29/05/24,IMP. CRE. LEY 25413,,"-44,18","520.728,25"
2384,,ALICUOTA GENERAL,,,
2385,29/05/24,IMP. DEB. LEY 25413,,"-0,80","520.727,45"
2386,,ALICUOTA GENERAL,,,
2387,29/05/24,ACREDITAMIENTO,"8.061,03",,"528.788,48"
2388,,PRISMA-COMERCIOS,,,
2389,,MAST EST.:0064538986,,,
2390,29/05/24,ING. BRUTOS S/ CRED,,"-145,10","528.643,38"
2391,,LEY 12837-BS.AS.,,,
2392,29/05/24,IMP. CRE. LEY 25413,,"-48,37","528.595,01"
2393,,ALICUOTA GENERAL,,,
2394,29/05/24,IMP. DEB. LEY 25413,,"-0,87","528.594,14"
2395,,ALICUOTA GENERAL,,,
2396,29/05/24,ACREDITAMIENTO,"13.143,54",,"541.737,68"
2397,,PRISMA-COMERCIOS,,,
2398,,VISA EST.:0086629359,,,
2399,29/05/24,ING. BRUTOS S/ CRED,,"-236,58","541.501,10"
2400,,LEY 12837-BS.AS.,,,
2401,29/05/24,IMP. CRE. LEY 25413,,"-78,86","541.422,24"
2402,,ALICUOTA GENERAL,,,
2403,29/05/24,IMP. DEB. LEY 25413,,"-1,42","541.420,82"
2404,,ALICUOTA GENERAL,,,
2405,29/05/24,ACREDITAMIENTO,"16.044,02",,"557.464,84"
2406,,PRISMA-COMERCIOS,,,
2407,,VISA EST.:0064565229,,,
2408,29/05/24,ING. BRUTOS S/ CRED,,"-288,79","557.176,05"
2409,,LEY 12837-BS.AS.,,,
2410,29/05/24,IMP. CRE. LEY 25413,,"-96,26","557.079,79"
2411,,ALICUOTA GENERAL,,,
2412,29/05/24,IMP. DEB. LEY 25413,,"-1,73","557.078,06"
2413,,ALICUOTA GENERAL,,,
2414,29/05/24,ACREDITAMIENTO,"24.931,13",,"582.009,19"
2415,,PRISMA-COMERCIOS,,,
2416,,VISA EST.:0064538945,,,
2417,29/05/24,ING. BRUTOS S/ CRED,,"-448,76","581.560,43"
2418,,LEY 12837-BS.AS.,,,
2419,29/05/24,IMP. CRE. LEY 25413,,"-149,59","581.410,84"
2420,,,,,
2421,29/05/24,IMP. DEB. LEY 25413,,"-2,69","581.408,15"
2422,,ALICUOTA GENERAL,,,
2423,29/05/24,ACREDITAMIENTO,"45.479,18",,"626.887,33"
2424,,PRISMA-COMERCIOS,,,
2425,,VISA EST.:0064567639,,,
2426,29/05/24,ING. BRUTOS S/ CRED,,"-818,63","626.068,70"
2427,,LEY 12837-BS.AS.,,,
2428,29/05/24,IMP. CRE. LEY 25413,,"-272,88","625.795,82"
2429,,ALICUOTA GENERAL,,,
2430,29/05/24,IMP. DEB. LEY 25413,,"-4,91","625.790,91"
2431,,ALICUOTA GENERAL,,,
2432,30/05/24,ACREDITAMIENTO,"975,32",,"626.766,23"
2433,,PRISMA-COMERCIOS,,,
2434,,MAST EST.:0064565278,,,
2435,30/05/24,ING. BRUTOS S/ CRED,,"-17,56","626.748,67"
2436,,LEY 12837-BS.AS.,,,
2437,30/05/24,IMP. CRE. LEY 25413,,"-5,85","626.742,82"
2438,,ALICUOTA GENERAL,,,
2439,30/05/24,IMP. DEB. LEY 25413,,"-0,11","626.742,71"
2440,,ALICUOTA GENERAL,,,
2441,30/05/24,ACREDITAMIENTO,"1.560,52",,"628.303,23"
2442,,PRISMA-COMERCIOS,,,
2443,,VISA EST.:0097348684,,,
2444,30/05/24,ING. BRUTOS S/ CRED,,"-28,09","628.275,14"
2445,,LEY 12837-BS.AS.,,,
2446,30/05/24,IMP. CRE. LEY 25413,,"-9,36","628.265,78"
2447,,ALICUOTA GENERAL,,,
2448,30/05/24,IMP. DEB. LEY 25413,,"-0,17","628.265,61"
2449,,ALICUOTA GENERAL,,,
2450,30/05/24,ACREDITAMIENTO,"3.059,68",,"631.325,29"
2451,,PRISMA-COMERCIOS,,,
2452,,MAST EST.:0064565278,,,
2453,30/05/24,ING. BRUTOS S/ CRED,,"-55,07","631.270,22"
2454,,LEY 12837-BS.AS.,,,
2455,30/05/24,IMP. CRE. LEY 25413,,"-18,36","631.251,86"
2456,,ALICUOTA GENERAL,,,
2457,30/05/24,IMP. DEB. LEY 25413,,"-0,33","631.251,53"
2458,,ALICUOTA GENERAL,,,
2459,30/05/24,ACREDITAMIENTO,"3.142,35",,"634.393,88"
2460,,PRISMA-COMERCIOS,,,
2461,,MAST EST.:0064565278,,,
2462,30/05/24,ING. BRUTOS S/ CRED,,"-56,56","634.337,32"
2463,,,,,
2464,30/05/24,IMP. CRE. LEY 25413,,"-18,85","634.318,47"
2465,,ALICUOTA GENERAL,,,
2466,30/05/24,IMP. DEB. LEY 25413,,"-0,34","634.318,13"
2467,,ALICUOTA GENERAL,,,
2468,30/05/24,ACREDITAMIENTO,"3.712,94",,"638.031,07"
2469,,PRISMA-COMERCIOS,,,
2470,,MAST EST.:0064567688,,,
2471,30/05/24,ING. BRUTOS S/ CRED,,"-66,83","637.964,24"
2472,,LEY 12837-BS.AS.,,,
2473,30/05/24,IMP. CRE. LEY 25413,,"-22,28","637.941,96"
2474,,ALICUOTA GENERAL,,,
2475,30/05/24,IMP. DEB. LEY 25413,,"-0,40","637.941,56"
2476,,ALICUOTA GENERAL,,,
2477,30/05/24,ACREDITAMIENTO,"4.474,78",,"642.416,34"
2478,,PRISMA-COMERCIOS,,,
2479,,VISA EST.:0064538945,,,
2480,30/05/24,ING. BRUTOS S/ CRED,,"-80,55","642.335,79"
2481,,LEY 12837-BS.AS.,,,
2482,30/05/24,IMP. CRE. LEY 25413,,"-26,85","642.308,94"
2483,,ALICUOTA GENERAL,,,
2484,30/05/24,IMP. DEB. LEY 25413,,"-0,48","642.308,46"
2485,,ALICUOTA GENERAL,,,
2486,30/05/24,ACREDITAMIENTO,"4.494,28",,"646.802,74"
2487,,PRISMA-COMERCIOS,,,
2488,,MAST EST.:0064538986,,,
2489,30/05/24,ING. BRUTOS S/ CRED,,"-80,90","646.721,84"
2490,,LEY 12837-BS.AS.,,,
2491,30/05/24,IMP. CRE. LEY 25413,,"-26,97","646.694,87"
2492,,ALICUOTA GENERAL,,,
2493,30/05/24,IMP. DEB. LEY 25413,,"-0,49","646.694,38"
2494,,ALICUOTA GENERAL,,,
2495,30/05/24,ACREDITAMIENTO,"4.961,61",,"651.655,99"
2496,,PRISMA-COMERCIOS,,,
2497,,VISA EST.:0064565237,,,
2498,30/05/24,ING. BRUTOS S/ CRED,,"-89,31","651.566,68"
2499,,LEY 12837-BS.AS.,,,
2500,30/05/24,IMP. CRE. LEY 25413,,"-29,77","651.536,91"
2501,,ALICUOTA GENERAL,,,
2502,30/05/24,IMP. DEB. LEY 25413,,"-0,54","651.536,37"
2503,,ALICUOTA GENERAL,,,
2504,30/05/24,ACREDITAMIENTO,"6.641,93",,"658.178,30"
2505,,PRISMA-COMERCIOS,,,
2506,,,,,
2507,30/05/24,ING. BRUTOS S/ CRED,,"-119,55","658.058,75"
2508,,LEY 12837-BS.AS.,,,
2509,30/05/24,IMP. CRE. LEY 25413,,"-39,85","658.018,90"
2510,,ALICUOTA GENERAL,,,
2511,30/05/24,IMP. DEB. LEY 25413,,"-0,72","658.018,18"
2512,,ALICUOTA GENERAL,,,
2513,30/05/24,ACREDITAMIENTO,"13.118,06",,"671.136,24"
2514,,PRISMA-COMERCIOS,,,
2515,,VISA EST.:0086629359,,,
2516,30/05/24,ING. BRUTOS S/ CRED,,"-236,13","670.900,11"
2517,,LEY 12837-BS.AS.,,,
2518,30/05/24,IMP. CRE. LEY 25413,,"-78,71","670.821,40"
2519,,ALICUOTA GENERAL,,,
2520,30/05/24,IMP. DEB. LEY 25413,,"-1,42","670.819,98"
2521,,ALICUOTA GENERAL,,,
2522,30/05/24,ACREDITAMIENTO,"13.937,33",,"684.757,31"
2523,,PRISMA-COMERCIOS,,,
2524,,VISA EST.:0064565229,,,
2525,30/05/24,ING. BRUTOS S/ CRED,,"-250,87","684.506,44"
2526,,LEY 12837-BS.AS.,,,
2527,30/05/24,IMP. CRE. LEY 25413,,"-83,62","684.422,82"
2528,,ALICUOTA GENERAL,,,
2529,30/05/24,IMP. DEB. LEY 25413,,"-1,51","684.421,31"
2530,,ALICUOTA GENERAL,,,
2531,30/05/24,ACREDITAMIENTO,"15.142,26",,"699.563,57"
2532,,PRISMA-COMERCIOS,,,
2533,,VISA EST.:0064538945,,,
2534,30/05/24,ING. BRUTOS S/ CRED,,"-272,56","699.291,01"
2535,,LEY 12837-BS.AS.,,,
2536,30/05/24,IMP. CRE. LEY 25413,,"-90,85","699.200,16"
2537,,ALICUOTA GENERAL,,,
2538,30/05/24,IMP. DEB. LEY 25413,,"-1,64","699.198,52"
2539,,ALICUOTA GENERAL,,,
2540,30/05/24,ACREDITAMIENTO,"15.507,59",,"714.706,11"
2541,,PRISMA-COMERCIOS,,,
2542,,VISA EST.:0064567639,,,
2543,30/05/24,ING. BRUTOS S/ CRED,,"-279,14","714.426,97"
2544,,LEY 12837-BS.AS.,,,
2545,30/05/24,IMP. CRE. LEY 25413,,"-93,05","714.333,92"
2546,,ALICUOTA GENERAL,,,
2547,30/05/24,IMP. DEB. LEY 25413,,"-1,67","714.332,25"
2548,,ALICUOTA GENERAL,,,
2549,,,,,
2550,30/05/24,COMPRA DEBITO 0833,,"-82.251,03","632.081,22"
2551,,EDELAP SA,,,
2552,,4173090001012230,,,
2553,30/05/24,IMP. DEB. LEY 25413,,"-493,51","631.587,71"
2554,,ALICUOTA GENERAL,,,
2555,30/05/24,COMPRA DEBITO 0833,,"-127.141,05","504.446,66"
2556,,EDELAP SA,,,
2557,,4173090001012230,,,
2558,30/05/24,IMP. DEB. LEY 25413,,"-762,85","503.683,81"
2559,,ALICUOTA GENERAL,,,
2560,30/05/24,COMPRA DEBITO 0833,,"-433.730,53","69.953,28"
2561,,EDELAP SA,,,
2562,,4173090001012230,,,
2563,30/05/24,IMP. DEB. LEY 25413,,"-2.602,38","67.350,90"
2564,,ALICUOTA GENERAL,,,
2565,31/05/24,ACREDITAMIENTO,"1.405,81",,"68.756,71"
2566,,PRISMA-COMERCIOS,,,
2567,,VISA EST.:0064565229,,,
2568,31/05/24,ING. BRUTOS S/ CRED,,"-25,30","68.731,41"
2569,,LEY 12837-BS.AS.,,,
2570,31/05/24,IMP. CRE. LEY 25413,,"-8,43","68.722,98"
2571,,ALICUOTA GENERAL,,,
2572,31/05/24,IMP. DEB. LEY 25413,,"-0,15","68.722,83"
2573,,ALICUOTA GENERAL,,,
2574,31/05/24,ACREDITAMIENTO,"1.488,49",,"70.211,32"
2575,,PRISMA-COMERCIOS,,,
2576,,MAST EST.:0064538986,,,
2577,31/05/24,ING. BRUTOS S/ CRED,,"-26,79","70.184,53"
2578,,LEY 12837-BS.AS.,,,
2579,31/05/24,IMP. CRE. LEY 25413,,"-8,93","70.175,60"
2580,,ALICUOTA GENERAL,,,
2581,31/05/24,IMP. DEB. LEY 25413,,"-0,16","70.175,44"
2582,,ALICUOTA GENERAL,,,
2583,31/05/24,ACREDITAMIENTO,"2.730,90",,"72.906,34"
2584,,PRISMA-COMERCIOS,,,
2585,,MAST EST.:0064565278,,,
2586,31/05/24,ING. BRUTOS S/ CRED,,"-49,16","72.857,18"
2587,,LEY 12837-BS.AS.,,,
2588,31/05/24,IMP. CRE. LEY 25413,,"-16,39","72.840,79"
2589,,ALICUOTA GENERAL,,,
2590,31/05/24,IMP. DEB. LEY 25413,,"-0,29","72.840,50"
2591,,ALICUOTA GENERAL,,,
2592,,,,,
2593,31/05/24,ACREDITAMIENTO,"3.072,26",,"75.912,76"
2594,,PRISMA-COMERCIOS,,,
2595,,VISA EST.:0086629359,,,
2596,31/05/24,ING. BRUTOS S/ CRED,,"-55,30","75.857,46"
2597,,LEY 12837-BS.AS.,,,
2598,31/05/24,IMP. CRE. LEY 25413,,"-18,43","75.839,03"
2599,,ALICUOTA GENERAL,,,
2600,31/05/24,IMP. DEB. LEY 25413,,"-0,33","75.838,70"
2601,,ALICUOTA GENERAL,,,
2602,31/05/24,ACREDITAMIENTO,"3.861,80",,"79.700,50"
2603,,PRISMA-COMERCIOS,,,
2604,,MAST EST.:0086629409,,,
2605,31/05/24,ING. BRUTOS S/ CRED,,"-69,51","79.630,99"
2606,,LEY 12837-BS.AS.,,,
2607,31/05/24,IMP. CRE. LEY 25413,,"-23,17","79.607,82"
2608,,ALICUOTA GENERAL,,,
2609,31/05/24,IMP. DEB. LEY 25413,,"-0,42","79.607,40"
2610,,ALICUOTA GENERAL,,,
2611,31/05/24,ACREDITAMIENTO,"4.010,64",,"83.618,04"
2612,,PRISMA-COMERCIOS,,,
2613,,VISA EST.:0064565229,,,
2614,31/05/24,ING. BRUTOS S/ CRED,,"-72,19","83.545,85"
2615,,LEY 12837-BS.AS.,,,
2616,31/05/24,IMP. CRE. LEY 25413,,"-24,06","83.521,79"
2617,,ALICUOTA GENERAL,,,
2618,31/05/24,IMP. DEB. LEY 25413,,"-0,43","83.521,36"
2619,,ALICUOTA GENERAL,,,
2620,31/05/24,ACREDITAMIENTO,"6.014,30",,"89.535,66"
2621,,PRISMA-COMERCIOS,,,
2622,,VISA EST.:0064538945,,,
2623,31/05/24,ING. BRUTOS S/ CRED,,"-108,26","89.427,40"
2624,,LEY 12837-BS.AS.,,,
2625,31/05/24,IMP. CRE. LEY 25413,,"-36,09","89.391,31"
2626,,ALICUOTA GENERAL,,,
2627,31/05/24,IMP. DEB. LEY 25413,,"-0,65","89.390,66"
2628,,ALICUOTA GENERAL,,,
2629,31/05/24,ACREDITAMIENTO,"6.768,73",,"96.159,39"
2630,,PRISMA-COMERCIOS,,,
2631,,MAST EST.:0064567688,,,
2632,31/05/24,ING. BRUTOS S/ CRED,,"-121,84","96.037,55"
2633,,LEY 12837-BS.AS.,,,
2634,31/05/24,IMP. CRE. LEY 25413,,"-40,61","95.996,94"
2635,,,,,
2636,31/05/24,IMP. DEB. LEY 25413,,"-0,73","95.996,21"
2637,,ALICUOTA GENERAL,,,
2638,31/05/24,ACREDITAMIENTO,"6.830,53",,"102.826,74"
2639,,PRISMA-COMERCIOS,,,
2640,,MAST EST.:0064565278,,,
2641,31/05/24,ING. BRUTOS S/ CRED,,"-122,95","102.703,79"
2642,,LEY 12837-BS.AS.,,,
2643,31/05/24,IMP. CRE. LEY 25413,,"-40,98","102.662,81"
2644,,ALICUOTA GENERAL,,,
2645,31/05/24,IMP. DEB. LEY 25413,,"-0,74","102.662,07"
2646,,ALICUOTA GENERAL,,,
2647,31/05/24,ACREDITAMIENTO,"8.387,76",,"111.049,83"
2648,,PRISMA-COMERCIOS,,,
2649,,VISA EST.:0097348684,,,
2650,31/05/24,ING. BRUTOS S/ CRED,,"-150,98","110.898,85"
2651,,LEY 12837-BS.AS.,,,
2652,31/05/24,IMP. CRE. LEY 25413,,"-50,33","110.848,52"
2653,,ALICUOTA GENERAL,,,
2654,31/05/24,IMP. DEB. LEY 25413,,"-0,91","110.847,61"
2655,,ALICUOTA GENERAL,,,
2656,31/05/24,ACREDITAMIENTO,"8.777,88",,"119.625,49"
2657,,PRISMA-COMERCIOS,,,
2658,,VISA EST.:0064565229,,,
2659,31/05/24,ING. BRUTOS S/ CRED,,"-158,00","119.467,49"
2660,,LEY 12837-BS.AS.,,,
2661,31/05/24,IMP. CRE. LEY 25413,,"-52,67","119.414,82"
2662,,ALICUOTA GENERAL,,,
2663,31/05/24,IMP. DEB. LEY 25413,,"-0,95","119.413,87"
2664,,ALICUOTA GENERAL,,,
2665,31/05/24,ACREDITAMIENTO,"18.101,94",,"137.515,81"
2666,,PRISMA-COMERCIOS,,,
2667,,VISA EST.:0064567639,,,
2668,31/05/24,ING. BRUTOS S/ CRED,,"-325,83","137.189,98"
2669,,LEY 12837-BS.AS.,,,
2670,31/05/24,IMP. CRE. LEY 25413,,"-108,61","137.081,37"
2671,,ALICUOTA GENERAL,,,
2672,31/05/24,IMP. DEB. LEY 25413,,"-1,96","137.079,41"
2673,,ALICUOTA GENERAL,,,
2674,31/05/24,ACREDITAMIENTO,"20.954,06",,"158.033,47"
2675,,PRISMA-COMERCIOS,,,
2676,,VISA EST.:0086629359,,,
2677,31/05/24,ING. BRUTOS S/ CRED,,"-377,17","157.656,30"
2678,,,,,
2679,31/05/24,IMP. CRE. LEY 25413,,"-125,72","157.530,58"
2680,,ALICUOTA GENERAL,,,
2681,31/05/24,IMP. DEB. LEY 25413,,"-2,26","157.528,32"
2682,,ALICUOTA GENERAL,,,
2683,31/05/24,ACREDITAMIENTO,"31.412,14",,"188.940,46"
2684,,PRISMA-COMERCIOS,,,
2685,,VISA EST.:0064538945,,,
2686,31/05/24,ING. BRUTOS S/ CRED,,"-565,42","188.375,04"
2687,,LEY 12837-BS.AS.,,,
2688,31/05/24,IMP. CRE. LEY 25413,,"-188,47","188.186,57"
2689,,ALICUOTA GENERAL,,,
2690,31/05/24,IMP. DEB. LEY 25413,,"-3,39","188.183,18"
2691,,ALICUOTA GENERAL,,,
2692,31/05/24,SUSCRIPCION FIMA,,"-100.000,00","88.183,18"
2693,,FIMA PREMIUM CLASE A,,,
2694,Total,,"$ 4.061.914,06","-$ 4.543.445,14","$ 88.183,18"
2695,Consol,idado de retención de impuestos,,,
2696,,,,,
