,Fecha,Descripcion,Credito,Debito,Saldo
0,02/05/24,ACREDITAMIENTO,567.52,,570281.78
3,02/05/24,ING. BRUTOS S/ CRED,,-10.22,570271.56
5,02/05/24,IMP. CRE. LEY 25413,,-3.41,570268.15
6,02/05/24,IMP. DEB. LEY 25413,,-0.06,570268.09
7,02/05/24,ACREDITAMIENTO,855.41,,571123.5
10,02/05/24,ING. BRUTOS S/ CRED,,-15.4,571108.1
12,02/05/24,IMP. CRE. LEY 25413,,-5.13,571102.97
13,02/05/24,IMP. DEB. LEY 25413,,-0.09,571102.88
14,02/05/24,ACREDITAMIENTO,1280.94,,572383.82
17,02/05/24,ING. BRUTOS S/ CRED,,-23.06,572360.76
19,02/05/24,IMP. CRE. LEY 25413,,-7.69,572353.07
20,02/05/24,IMP. DEB. LEY 25413,,-0.14,572352.93
21,02/05/24,ACREDITAMIENTO,1809.87,,574162.8
24,02/05/24,ING. BRUTOS S/ CRED,,-32.58,574130.22
26,02/05/24,IMP. CRE. LEY 25413,,-10.86,574119.36
27,02/05/24,IMP. DEB. LEY 25413,,-0.2,574119.16
28,02/05/24,ACREDITAMIENTO,2588.74,,576707.9
31,02/05/24,ING. BRUTOS S/ CRED,,-46.6,576661.3
33,02/05/24,IMP. CRE. LEY 25413,,-15.53,576645.77
34,02/05/24,IMP. DEB. LEY 25413,,-0.28,576645.49
35,02/05/24,ACREDITAMIENTO,4134.67,,580780.16
38,02/05/24,ING. BRUTOS S/ CRED,,-74.42,580705.74
40,02/05/24,IMP. CRE. LEY 25413,,-24.81,580680.93
41,02/05/24,IMP. DEB. LEY 25413,,-0.45,580680.48
42,02/05/24,ACREDITAMIENTO,4349.93,,585030.41
45,02/05/24,ING. BRUTOS S/ CRED,,-78.3,584952.11
47,02/05/24,IMP. CRE. LEY 25413,,-26.1,584926.01
48,02/05/24,IMP. DEB. LEY 25413,,-0.47,584925.54
49,02/05/24,ACREDITAMIENTO,7705.03,,592630.57
52,02/05/24,ING. BRUTOS S/ CRED,,-138.69,592491.88
54,02/05/24,IMP. CRE. LEY 25413,,-46.23,592445.65
55,02/05/24,IMP. DEB. LEY 25413,,-0.83,592444.82
56,02/05/24,ACREDITAMIENTO,7909.85,,600354.67
59,02/05/24,ING. BRUTOS S/ CRED,,-142.38,600212.29
61,02/05/24,IMP. CRE. LEY 25413,,-47.46,600164.83
62,02/05/24,IMP. DEB. LEY 25413,,-0.85,600163.98
63,02/05/24,ACREDITAMIENTO,12328.05,,612492.03
66,02/05/24,ING. BRUTOS S/ CRED,,-221.9,612270.13
68,02/05/24,IMP. CRE. LEY 25413,,-73.97,612196.16
69,02/05/24,IMP. DEB. LEY 25413,,-1.33,612194.83
70,02/05/24,ACREDITAMIENTO,14307.95,,626502.78
73,02/05/24,ING. BRUTOS S/ CRED,,-257.54,626245.24
75,02/05/24,IMP. CRE. LEY 25413,,-85.85,626159.39
76,02/05/24,IMP. DEB. LEY 25413,,-1.55,626157.84
77,02/05/24,ACREDITAMIENTO,18143.94,,644301.78
80,02/05/24,ING. BRUTOS S/ CRED,,-326.59,643975.19
82,02/05/24,IMP. CRE. LEY 25413,,-108.86,643866.33
83,02/05/24,IMP. DEB. LEY 25413,,-1.96,643864.37
84,02/05/24,ACREDITAMIENTO,26041.05,,669905.42
87,02/05/24,ING. BRUTOS S/ CRED,,-468.74,669436.68
89,02/05/24,IMP. CRE. LEY 25413,,-156.25,669280.43
90,02/05/24,IMP. DEB. LEY 25413,,-2.81,669277.62
91,02/05/24,ACREDITAMIENTO,35999.07,,705276.69
94,02/05/24,ING. BRUTOS S/ CRED,,-647.98,704628.71
96,02/05/24,IMP. CRE. LEY 25413,,-215.99,704412.72
97,02/05/24,IMP. DEB. LEY 25413,,-3.89,704408.83
98,02/05/24,ACREDITAMIENTO,36194.13,,740602.96
101,02/05/24,ING. BRUTOS S/ CRED,,-651.49,739951.47
103,02/05/24,IMP. CRE. LEY 25413,,-217.16,739734.31
104,02/05/24,IMP. DEB. LEY 25413,,-3.91,739730.4
105,02/05/24,SERVICIO PAGO A PROVEEDORES,4412.68,,744143.08
110,02/05/24,ING. BRUTOS S/ CRED,,-79.43,744063.65
112,02/05/24,IMP. CRE. LEY 25413,,-26.48,744037.17
113,02/05/24,IMP. DEB. LEY 25413,,-0.48,744036.69
114,02/05/24,COMPRA DEBITO 0792,,-200000.0,544036.69
117,02/05/24,IMP. DEB. LEY 25413,,-1200.0,542836.69
118,02/05/24,TRANSFERENCIA DE CUENTA 0074,200000.0,,742836.69
126,03/05/24,ACREDITAMIENTO,926.56,,743763.25
129,03/05/24,ING. BRUTOS S/ CRED,,-16.68,743746.57
131,03/05/24,IMP. CRE. LEY 25413,,-5.56,743741.01
132,03/05/24,IMP. DEB. LEY 25413,,-0.1,743740.91
133,03/05/24,ACREDITAMIENTO,1755.58,,745496.49
135,03/05/24,ING. BRUTOS S/ CRED,,-31.6,745464.89
137,03/05/24,IMP. CRE. LEY 25413,,-10.53,745454.36
138,03/05/24,IMP. DEB. LEY 25413,,-0.19,745454.17
139,03/05/24,ACREDITAMIENTO,2107.87,,747562.04
142,03/05/24,ING. BRUTOS S/ CRED,,-37.94,747524.1
144,03/05/24,IMP. CRE. LEY 25413,,-12.65,747511.45
145,03/05/24,IMP. DEB. LEY 25413,,-0.23,747511.22
146,03/05/24,ACREDITAMIENTO,3242.87,,750754.09
149,03/05/24,ING. BRUTOS S/ CRED,,-58.37,750695.72
151,03/05/24,IMP. CRE. LEY 25413,,-19.46,750676.26
152,03/05/24,IMP. DEB. LEY 25413,,-0.35,750675.91
153,03/05/24,ACREDITAMIENTO,4377.86,,755053.77
156,03/05/24,ING. BRUTOS S/ CRED,,-78.8,754974.97
158,03/05/24,IMP. CRE. LEY 25413,,-26.27,754948.7
159,03/05/24,IMP. DEB. LEY 25413,,-0.47,754948.23
160,03/05/24,ACREDITAMIENTO,5949.46,,760897.69
163,03/05/24,ING. BRUTOS S/ CRED,,-107.09,760790.6
165,03/05/24,IMP. CRE. LEY 25413,,-35.7,760754.9
166,03/05/24,IMP. DEB. LEY 25413,,-0.64,760754.26
167,03/05/24,ACREDITAMIENTO,6437.12,,767191.38
170,03/05/24,ING. BRUTOS S/ CRED,,-115.87,767075.51
172,03/05/24,IMP. DEB. LEY 25413,,-0.7,767036.19
173,03/05/24,ACREDITAMIENTO,8725.14,,775761.33
176,03/05/24,ING. BRUTOS S/ CRED,,-157.05,775604.28
178,03/05/24,IMP. CRE. LEY 25413,,-52.35,775551.93
179,03/05/24,IMP. DEB. LEY 25413,,-0.94,775550.99
180,03/05/24,ACREDITAMIENTO,9047.59,,784598.58
183,03/05/24,ING. BRUTOS S/ CRED,,-162.86,784435.72
185,03/05/24,IMP. CRE. LEY 25413,,-54.29,784381.43
186,03/05/24,IMP. DEB. LEY 25413,,-0.98,784380.45
187,03/05/24,ACREDITAMIENTO,12971.76,,797352.21
190,03/05/24,ING. BRUTOS S/ CRED,,-233.49,797118.72
192,03/05/24,IMP. CRE. LEY 25413,,-77.83,797040.89
193,03/05/24,IMP. DEB. LEY 25413,,-1.4,797039.49
194,03/05/24,ACREDITAMIENTO,14989.71,,812029.2
197,03/05/24,ING. BRUTOS S/ CRED,,-269.81,811759.39
199,03/05/24,IMP. CRE. LEY 25413,,-89.94,811669.45
200,03/05/24,IMP. DEB. LEY 25413,,-1.62,811667.83
201,03/05/24,ACREDITAMIENTO,23578.65,,835246.48
204,03/05/24,ING. BRUTOS S/ CRED,,-424.42,834822.06
206,03/05/24,IMP. CRE. LEY 25413,,-141.47,834680.59
207,03/05/24,IMP. DEB. LEY 25413,,-2.55,834678.04
208,03/05/24,ACREDITAMIENTO,28303.79,,862981.83
211,03/05/24,ING. BRUTOS S/ CRED,,-509.47,862472.36
213,03/05/24,IMP. CRE. LEY 25413,,-169.82,862302.54
214,03/05/24,IMP. DEB. LEY 25413,,-3.06,862299.48
215,03/05/24,ACREDITAMIENTO,29085.03,,891384.51
218,03/05/24,ING. BRUTOS S/ CRED,,-523.53,890860.98
220,03/05/24,IMP. CRE. LEY 25413,,-174.51,890686.47
221,03/05/24,IMP. DEB. LEY 25413,,-3.14,890683.33
222,03/05/24,ACREDITAMIENTO,174523.77,,1065207.1
225,03/05/24,ING. BRUTOS S/ CRED,,-3141.43,1062065.67
227,03/05/24,IMP. CRE. LEY 25413,,-1047.14,1061018.53
228,03/05/24,IMP. DEB. LEY 25413,,-18.85,1060999.68
229,03/05/24,TRANSFERENCIA PEI,97.53,,1061097.21
236,03/05/24,TRANSFERENCIA PEI,97.53,,1061194.74
243,06/05/24,ACREDITAMIENTO,770.83,,1061965.57
246,06/05/24,ING. BRUTOS S/ CRED,,-13.87,1061951.7
248,06/05/24,IMP. CRE. LEY 25413,,-4.62,1061947.08
249,06/05/24,IMP. DEB. LEY 25413,,-0.08,1061947.0
250,06/05/24,ACREDITAMIENTO,900.44,,1062847.44
253,06/05/24,ING. BRUTOS S/ CRED,,-16.21,1062831.23
255,06/05/24,IMP. CRE. LEY 25413,,-5.4,1062825.83
256,06/05/24,IMP. DEB. LEY 25413,,-0.1,1062825.73
257,06/05/24,ACREDITAMIENTO,4193.88,,1067019.61
260,06/05/24,ING. BRUTOS S/ CRED,,-75.49,1066944.12
262,06/05/24,IMP. CRE. LEY 25413,,-25.16,1066918.96
263,06/05/24,IMP. DEB. LEY 25413,,-0.45,1066918.51
264,06/05/24,ACREDITAMIENTO,5196.7,,1072115.21
267,06/05/24,ING. BRUTOS S/ CRED,,-93.54,1072021.67
269,06/05/24,IMP. CRE. LEY 25413,,-31.18,1071990.49
270,06/05/24,IMP. DEB. LEY 25413,,-0.56,1071989.93
271,06/05/24,ACREDITAMIENTO,6120.94,,1078110.87
274,06/05/24,ING. BRUTOS S/ CRED,,-110.18,1078000.69
276,06/05/24,IMP. CRE. LEY 25413,,-36.73,1077963.96
277,06/05/24,IMP. DEB. LEY 25413,,-0.66,1077963.3
278,06/05/24,ACREDITAMIENTO,8095.16,,1086058.46
281,06/05/24,ING. BRUTOS S/ CRED,,-145.71,1085912.75
283,06/05/24,IMP. CRE. LEY 25413,,-48.57,1085864.18
284,06/05/24,IMP. DEB. LEY 25413,,-0.87,1085863.31
285,06/05/24,ACREDITAMIENTO,15653.89,,1101517.2
288,06/05/24,ING. BRUTOS S/ CRED,,-281.77,1101235.43
290,06/05/24,IMP. CRE. LEY 25413,,-93.92,1101141.51
291,06/05/24,IMP. DEB. LEY 25413,,-1.69,1101139.82
292,06/05/24,ACREDITAMIENTO,19555.17,,1120694.99
295,06/05/24,ING. BRUTOS S/ CRED,,-351.99,1120343.0
297,06/05/24,IMP. CRE. LEY 25413,,-117.33,1120225.67
298,06/05/24,IMP. DEB. LEY 25413,,-2.11,1120223.56
299,06/05/24,ACREDITAMIENTO,21291.24,,1141514.8
302,06/05/24,ING. BRUTOS S/ CRED,,-383.24,1141131.56
304,06/05/24,IMP. CRE. LEY 25413,,-127.75,1141003.81
305,06/05/24,IMP. DEB. LEY 25413,,-2.3,1141001.51
306,06/05/24,ACREDITAMIENTO,41632.5,,1182634.01
309,06/05/24,ING. BRUTOS S/ CRED,,-749.39,1181884.62
311,06/05/24,IMP. CRE. LEY 25413,,-249.8,1181634.82
312,06/05/24,IMP. DEB. LEY 25413,,-4.5,1181630.32
313,06/05/24,ACREDITAMIENTO,79259.39,,1260889.71
316,06/05/24,ING. BRUTOS S/ CRED,,-1426.67,1259463.04
318,06/05/24,IMP. CRE. LEY 25413,,-475.56,1258987.48
319,06/05/24,IMP. DEB. LEY 25413,,-8.56,1258978.92
320,07/05/24,ACREDITAMIENTO,751.0,,1259729.92
323,07/05/24,ING. BRUTOS S/ CRED,,-13.52,1259716.4
325,07/05/24,IMP. DEB. LEY 25413,,-0.08,1259711.81
326,07/05/24,ACREDITAMIENTO,780.26,,1260492.07
329,07/05/24,ING. BRUTOS S/ CRED,,-14.04,1260478.03
331,07/05/24,IMP. CRE. LEY 25413,,-4.68,1260473.35
332,07/05/24,IMP. DEB. LEY 25413,,-0.08,1260473.27
333,07/05/24,ACREDITAMIENTO,1621.44,,1262094.71
336,07/05/24,ING. BRUTOS S/ CRED,,-29.19,1262065.52
338,07/05/24,IMP. CRE. LEY 25413,,-9.73,1262055.79
339,07/05/24,IMP. DEB. LEY 25413,,-0.18,1262055.61
340,07/05/24,ACREDITAMIENTO,1856.54,,1263912.15
343,07/05/24,ING. BRUTOS S/ CRED,,-33.42,1263878.73
345,07/05/24,IMP. CRE. LEY 25413,,-11.14,1263867.59
346,07/05/24,IMP. DEB. LEY 25413,,-0.2,1263867.39
347,07/05/24,ACREDITAMIENTO,2149.32,,1266016.71
350,07/05/24,ING. BRUTOS S/ CRED,,-38.69,1265978.02
352,07/05/24,IMP. CRE. LEY 25413,,-12.9,1265965.12
353,07/05/24,IMP. DEB. LEY 25413,,-0.23,1265964.89
354,07/05/24,ACREDITAMIENTO,2269.08,,1268233.97
357,07/05/24,ING. BRUTOS S/ CRED,,-40.84,1268193.13
359,07/05/24,IMP. CRE. LEY 25413,,-13.61,1268179.52
360,07/05/24,IMP. DEB. LEY 25413,,-0.25,1268179.27
361,07/05/24,ACREDITAMIENTO,2391.61,,1270570.88
364,07/05/24,ING. BRUTOS S/ CRED,,-43.05,1270527.83
366,07/05/24,IMP. CRE. LEY 25413,,-14.35,1270513.48
367,07/05/24,IMP. DEB. LEY 25413,,-0.26,1270513.22
368,07/05/24,ACREDITAMIENTO,3070.46,,1273583.68
371,07/05/24,ING. BRUTOS S/ CRED,,-55.27,1273528.41
373,07/05/24,IMP. CRE. LEY 25413,,-18.42,1273509.99
374,07/05/24,IMP. DEB. LEY 25413,,-0.33,1273509.66
375,07/05/24,ACREDITAMIENTO,5026.47,,1278536.13
378,07/05/24,ING. BRUTOS S/ CRED,,-90.48,1278445.65
380,07/05/24,IMP. CRE. LEY 25413,,-30.16,1278415.49
381,07/05/24,IMP. DEB. LEY 25413,,-0.54,1278414.95
382,07/05/24,ACREDITAMIENTO,5735.71,,1284150.66
385,07/05/24,ING. BRUTOS S/ CRED,,-103.24,1284047.42
387,07/05/24,IMP. CRE. LEY 25413,,-34.41,1284013.01
388,07/05/24,IMP. DEB. LEY 25413,,-0.62,1284012.39
389,07/05/24,ACREDITAMIENTO,7266.14,,1291278.53
392,07/05/24,ING. BRUTOS S/ CRED,,-130.79,1291147.74
394,07/05/24,IMP. CRE. LEY 25413,,-43.6,1291104.14
395,07/05/24,IMP. DEB. LEY 25413,,-0.78,1291103.36
396,07/05/24,ACREDITAMIENTO,7320.79,,1298424.15
399,07/05/24,ING. BRUTOS S/ CRED,,-131.77,1298292.38
401,07/05/24,IMP. CRE. LEY 25413,,-43.92,1298248.46
402,07/05/24,IMP. DEB. LEY 25413,,-0.79,1298247.67
403,07/05/24,ACREDITAMIENTO,9511.32,,1307758.99
406,07/05/24,ING. BRUTOS S/ CRED,,-171.2,1307587.79
408,07/05/24,IMP. CRE. LEY 25413,,-57.07,1307530.72
409,07/05/24,IMP. DEB. LEY 25413,,-1.03,1307529.69
410,07/05/24,ACREDITAMIENTO,30790.86,,1338320.55
413,07/05/24,ING. BRUTOS S/ CRED,,-554.24,1337766.31
415,07/05/24,IMP. CRE. LEY 25413,,-184.75,1337581.56
416,07/05/24,IMP. DEB. LEY 25413,,-3.33,1337578.23
417,07/05/24,ACREDITAMIENTO,37588.84,,1375167.07
420,07/05/24,ING. BRUTOS S/ CRED,,-676.6,1374490.47
422,07/05/24,IMP. CRE. LEY 25413,,-225.53,1374264.94
423,07/05/24,IMP. DEB. LEY 25413,,-4.06,1374260.88
424,07/05/24,ACREDITAMIENTO,43596.81,,1417857.69
427,07/05/24,ING. BRUTOS S/ CRED,,-784.74,1417072.95
429,07/05/24,IMP. CRE. LEY 25413,,-261.58,1416811.37
430,07/05/24,IMP. DEB. LEY 25413,,-4.71,1416806.66
431,07/05/24,ACREDITAMIENTO,62909.12,,1479715.78
434,07/05/24,ING. BRUTOS S/ CRED,,-1132.36,1478583.42
436,07/05/24,IMP. DEB. LEY 25413,,-6.79,1478199.18
437,07/05/24,ACREDITAMIENTO,103276.64,,1581475.82
440,07/05/24,ING. BRUTOS S/ CRED,,-1858.98,1579616.84
442,07/05/24,IMP. CRE. LEY 25413,,-619.66,1578997.18
443,07/05/24,IMP. DEB. LEY 25413,,-11.15,1578986.03
444,08/05/24,ACREDITAMIENTO,773.02,,1579759.05
447,08/05/24,ING. BRUTOS S/ CRED,,-13.91,1579745.14
449,08/05/24,IMP. CRE. LEY 25413,,-4.64,1579740.5
450,08/05/24,IMP. DEB. LEY 25413,,-0.08,1579740.42
451,08/05/24,ACREDITAMIENTO,1459.29,,1581199.71
454,08/05/24,ING. BRUTOS S/ CRED,,-26.27,1581173.44
456,08/05/24,IMP. CRE. LEY 25413,,-8.76,1581164.68
457,08/05/24,IMP. DEB. LEY 25413,,-0.16,1581164.52
458,08/05/24,ACREDITAMIENTO,1755.58,,1582920.1
461,08/05/24,ING. BRUTOS S/ CRED,,-31.6,1582888.5
463,08/05/24,IMP. CRE. LEY 25413,,-10.53,1582877.97
464,08/05/24,IMP. DEB. LEY 25413,,-0.19,1582877.78
465,08/05/24,ACREDITAMIENTO,1804.35,,1584682.13
468,08/05/24,ING. BRUTOS S/ CRED,,-32.48,1584649.65
470,08/05/24,IMP. CRE. LEY 25413,,-10.83,1584638.82
471,08/05/24,IMP. DEB. LEY 25413,,-0.19,1584638.63
472,08/05/24,ACREDITAMIENTO,2796.98,,1587435.61
475,08/05/24,ING. BRUTOS S/ CRED,,-50.35,1587385.26
477,08/05/24,IMP. CRE. LEY 25413,,-16.78,1587368.48
478,08/05/24,IMP. DEB. LEY 25413,,-0.3,1587368.18
479,08/05/24,ACREDITAMIENTO,6437.12,,1593805.3
482,08/05/24,ING. BRUTOS S/ CRED,,-115.87,1593689.43
484,08/05/24,IMP. CRE. LEY 25413,,-38.62,1593650.81
485,08/05/24,IMP. DEB. LEY 25413,,-0.7,1593650.11
486,08/05/24,ACREDITAMIENTO,8143.93,,1601794.04
489,08/05/24,ING. BRUTOS S/ CRED,,-146.59,1601647.45
491,08/05/24,IMP. CRE. LEY 25413,,-48.86,1601598.59
492,08/05/24,IMP. DEB. LEY 25413,,-0.88,1601597.71
493,08/05/24,ACREDITAMIENTO,10701.47,,1612299.18
496,08/05/24,ING. BRUTOS S/ CRED,,-192.63,1612106.55
498,08/05/24,IMP. CRE. LEY 25413,,-64.21,1612042.34
499,08/05/24,IMP. DEB. LEY 25413,,-1.16,1612041.18
500,08/05/24,ACREDITAMIENTO,10865.07,,1622906.25
503,08/05/24,ING. BRUTOS S/ CRED,,-195.57,1622710.68
505,08/05/24,IMP. CRE. LEY 25413,,-65.19,1622645.49
506,08/05/24,IMP. DEB. LEY 25413,,-1.17,1622644.32
507,08/05/24,ACREDITAMIENTO,13651.42,,1636295.74
510,08/05/24,ING. BRUTOS S/ CRED,,-245.73,1636050.01
512,08/05/24,IMP. CRE. LEY 25413,,-81.91,1635968.1
513,08/05/24,IMP. DEB. LEY 25413,,-1.47,1635966.63
514,08/05/24,ACREDITAMIENTO,29365.92,,1665332.55
517,08/05/24,ING. BRUTOS S/ CRED,,-528.59,1664803.96
519,08/05/24,IMP. CRE. LEY 25413,,-176.2,1664627.76
520,08/05/24,IMP. DEB. LEY 25413,,-3.17,1664624.59
521,09/05/24,ACREDITAMIENTO,1216.08,,1665840.67
524,09/05/24,ING. BRUTOS S/ CRED,,-21.89,1665818.78
526,09/05/24,IMP. CRE. LEY 25413,,-7.3,1665811.48
527,09/05/24,IMP. DEB. LEY 25413,,-0.13,1665811.35
528,09/05/24,ACREDITAMIENTO,1350.65,,1667162.0
531,09/05/24,ING. BRUTOS S/ CRED,,-24.31,1667137.69
533,09/05/24,IMP. CRE. LEY 25413,,-8.1,1667129.59
534,09/05/24,IMP. DEB. LEY 25413,,-0.15,1667129.44
535,09/05/24,ACREDITAMIENTO,1548.74,,1668678.18
538,09/05/24,ING. BRUTOS S/ CRED,,-27.88,1668650.3
540,09/05/24,IMP. CRE. LEY 25413,,-9.29,1668641.01
541,09/05/24,IMP. DEB. LEY 25413,,-0.17,1668640.84
542,09/05/24,ACREDITAMIENTO,1560.52,,1670201.36
545,09/05/24,ING. BRUTOS S/ CRED,,-28.09,1670173.27
547,09/05/24,IMP. DEB. LEY 25413,,-0.17,1670163.74
548,09/05/24,ACREDITAMIENTO,1884.23,,1672047.97
551,09/05/24,ING. BRUTOS S/ CRED,,-33.92,1672014.05
553,09/05/24,IMP. CRE. LEY 25413,,-11.31,1672002.74
554,09/05/24,IMP. DEB. LEY 25413,,-0.2,1672002.54
555,09/05/24,ACREDITAMIENTO,2500.89,,1674503.43
558,09/05/24,ING. BRUTOS S/ CRED,,-45.02,1674458.41
560,09/05/24,IMP. CRE. LEY 25413,,-15.01,1674443.4
561,09/05/24,IMP. DEB. LEY 25413,,-0.27,1674443.13
562,09/05/24,ACREDITAMIENTO,2925.96,,1677369.09
565,09/05/24,ING. BRUTOS S/ CRED,,-52.67,1677316.42
567,09/05/24,IMP. CRE. LEY 25413,,-17.56,1677298.86
568,09/05/24,IMP. DEB. LEY 25413,,-0.32,1677298.54
569,09/05/24,ACREDITAMIENTO,3250.99,,1680549.53
572,09/05/24,ING. BRUTOS S/ CRED,,-58.52,1680491.01
574,09/05/24,IMP. CRE. LEY 25413,,-19.51,1680471.5
575,09/05/24,IMP. DEB. LEY 25413,,-0.35,1680471.15
576,09/05/24,ACREDITAMIENTO,3803.75,,1684274.9
579,09/05/24,ING. BRUTOS S/ CRED,,-68.47,1684206.43
581,09/05/24,IMP. CRE. LEY 25413,,-22.82,1684183.61
582,09/05/24,IMP. DEB. LEY 25413,,-0.41,1684183.2
583,09/05/24,ACREDITAMIENTO,5217.97,,1689401.17
586,09/05/24,ING. BRUTOS S/ CRED,,-93.92,1689307.25
588,09/05/24,IMP. CRE. LEY 25413,,-31.31,1689275.94
589,09/05/24,IMP. DEB. LEY 25413,,-0.56,1689275.38
590,09/05/24,ACREDITAMIENTO,5461.8,,1694737.18
593,09/05/24,ING. BRUTOS S/ CRED,,-98.31,1694638.87
595,09/05/24,IMP. CRE. LEY 25413,,-32.77,1694606.1
596,09/05/24,IMP. DEB. LEY 25413,,-0.59,1694605.51
597,09/05/24,ACREDITAMIENTO,7361.31,,1701966.82
600,09/05/24,ING. BRUTOS S/ CRED,,-132.5,1701834.32
602,09/05/24,IMP. CRE. LEY 25413,,-44.17,1701790.15
603,09/05/24,IMP. DEB. LEY 25413,,-0.8,1701789.35
604,09/05/24,ACREDITAMIENTO,18726.15,,1720515.5
607,09/05/24,ING. BRUTOS S/ CRED,,-337.07,1720178.43
609,09/05/24,IMP. CRE. LEY 25413,,-112.36,1720066.07
610,09/05/24,IMP. DEB. LEY 25413,,-2.02,1720064.05
611,09/05/24,ACREDITAMIENTO,20452.47,,1740516.52
614,09/05/24,ING. BRUTOS S/ CRED,,-368.14,1740148.38
616,09/05/24,IMP. CRE. LEY 25413,,-122.71,1740025.67
617,09/05/24,IMP. DEB. LEY 25413,,-2.21,1740023.46
618,09/05/24,ACREDITAMIENTO,33112.12,,1773135.58
621,09/05/24,ING. BRUTOS S/ CRED,,-596.02,1772539.56
623,09/05/24,IMP. CRE. LEY 25413,,-198.67,1772340.89
624,09/05/24,IMP. DEB. LEY 25413,,-3.58,1772337.31
625,09/05/24,ACREDITAMIENTO,52101.6,,1824438.91
628,09/05/24,ING. BRUTOS S/ CRED,,-937.83,1823501.08
630,09/05/24,IMP. CRE. LEY 25413,,-312.61,1823188.47
631,09/05/24,IMP. DEB. LEY 25413,,-5.63,1823182.84
632,09/05/24,TRANSFERENCIA PEI,1170.38,,1824353.22
639,09/05/24,COMPRA DEBITO 0082,,-694692.44,1129660.78
642,09/05/24,IMP. DEB. LEY 25413,,-4168.15,1125492.63
643,09/05/24,TRANSFERENCIA PEI,3511.15,,1129003.78
650,10/05/24,ACREDITAMIENTO,1386.66,,1130390.44
653,10/05/24,ING. BRUTOS S/ CRED,,-24.96,1130365.48
655,10/05/24,IMP. CRE. LEY 25413,,-8.32,1130357.16
656,10/05/24,IMP. DEB. LEY 25413,,-0.15,1130357.01
657,10/05/24,ACREDITAMIENTO,1621.44,,1131978.45
660,10/05/24,ING. BRUTOS S/ CRED,,-29.19,1131949.26
662,10/05/24,IMP. CRE. LEY 25413,,-9.73,1131939.53
663,10/05/24,IMP. DEB. LEY 25413,,-0.18,1131939.35
664,10/05/24,ACREDITAMIENTO,2480.79,,1134420.14
667,10/05/24,ING. BRUTOS S/ CRED,,-44.65,1134375.49
669,10/05/24,IMP. CRE. LEY 25413,,-14.88,1134360.61
670,10/05/24,IMP. DEB. LEY 25413,,-0.27,1134360.34
671,10/05/24,ACREDITAMIENTO,3115.49,,1137475.83
674,10/05/24,ING. BRUTOS S/ CRED,,-56.08,1137419.75
676,10/05/24,IMP. CRE. LEY 25413,,-18.69,1137401.06
677,10/05/24,IMP. DEB. LEY 25413,,-0.34,1137400.72
678,10/05/24,ACREDITAMIENTO,4904.84,,1142305.56
681,10/05/24,ING. BRUTOS S/ CRED,,-88.29,1142217.27
683,10/05/24,IMP. CRE. LEY 25413,,-29.43,1142187.84
684,10/05/24,IMP. DEB. LEY 25413,,-0.53,1142187.31
685,10/05/24,ACREDITAMIENTO,5910.44,,1148097.75
688,10/05/24,ING. BRUTOS S/ CRED,,-106.39,1147991.36
690,10/05/24,IMP. CRE. LEY 25413,,-35.46,1147955.9
691,10/05/24,IMP. DEB. LEY 25413,,-0.64,1147955.26
692,10/05/24,ACREDITAMIENTO,6156.22,,1154111.48
695,10/05/24,ING. BRUTOS S/ CRED,,-110.81,1154000.67
697,10/05/24,IMP. CRE. LEY 25413,,-36.94,1153963.73
698,10/05/24,IMP. DEB. LEY 25413,,-0.66,1153963.07
699,10/05/24,ACREDITAMIENTO,6167.91,,1160130.98
702,10/05/24,ING. BRUTOS S/ CRED,,-111.02,1160019.96
704,10/05/24,IMP. CRE. LEY 25413,,-37.01,1159982.95
705,10/05/24,IMP. DEB. LEY 25413,,-0.67,1159982.28
706,10/05/24,ACREDITAMIENTO,7607.5,,1167589.78
709,10/05/24,ING. BRUTOS S/ CRED,,-136.94,1167452.84
711,10/05/24,IMP. CRE. LEY 25413,,-45.65,1167407.19
712,10/05/24,IMP. DEB. LEY 25413,,-0.82,1167406.37
713,10/05/24,ACREDITAMIENTO,7831.49,,1175237.86
716,10/05/24,ING. BRUTOS S/ CRED,,-140.97,1175096.89
718,10/05/24,IMP. CRE. LEY 25413,,-46.99,1175049.9
719,10/05/24,IMP. DEB. LEY 25413,,-0.85,1175049.05
720,10/05/24,ACREDITAMIENTO,8387.76,,1183436.81
723,10/05/24,ING. BRUTOS S/ CRED,,-150.98,1183285.83
725,10/05/24,IMP. CRE. LEY 25413,,-50.33,1183235.5
726,10/05/24,IMP. DEB. LEY 25413,,-0.91,1183234.59
727,10/05/24,ACREDITAMIENTO,9392.34,,1192626.93
730,10/05/24,ING. BRUTOS S/ CRED,,-169.06,1192457.87
732,10/05/24,IMP. CRE. LEY 25413,,-56.35,1192401.52
733,10/05/24,IMP. DEB. LEY 25413,,-1.01,1192400.51
734,10/05/24,ACREDITAMIENTO,11216.18,,1203616.69
737,10/05/24,ING. BRUTOS S/ CRED,,-201.89,1203414.8
739,10/05/24,IMP. CRE. LEY 25413,,-67.3,1203347.5
740,10/05/24,IMP. DEB. LEY 25413,,-1.21,1203346.29
741,10/05/24,TRANSF INMED CP,,-700000.0,503346.29
747,13/05/24,ACREDITAMIENTO,1365.45,,504711.74
750,13/05/24,ING. BRUTOS S/ CRED,,-24.58,504687.16
752,13/05/24,IMP. CRE. LEY 25413,,-8.19,504678.97
753,13/05/24,IMP. DEB. LEY 25413,,-0.15,504678.82
754,13/05/24,ACREDITAMIENTO,1459.29,,506138.11
757,13/05/24,ING. BRUTOS S/ CRED,,-26.27,506111.84
759,13/05/24,IMP. CRE. LEY 25413,,-8.76,506103.08
760,13/05/24,IMP. DEB. LEY 25413,,-0.16,506102.92
761,13/05/24,ACREDITAMIENTO,1621.44,,507724.36
764,13/05/24,ING. BRUTOS S/ CRED,,-29.19,507695.17
766,13/05/24,IMP. CRE. LEY 25413,,-9.73,507685.44
767,13/05/24,IMP. DEB. LEY 25413,,-0.18,507685.26
768,13/05/24,ACREDITAMIENTO,1628.79,,509314.05
771,13/05/24,ING. BRUTOS S/ CRED,,-29.32,509284.73
773,13/05/24,IMP. CRE. LEY 25413,,-9.77,509274.96
774,13/05/24,IMP. DEB. LEY 25413,,-0.18,509274.78
775,13/05/24,ACREDITAMIENTO,3072.26,,512347.04
778,13/05/24,ING. BRUTOS S/ CRED,,-55.3,512291.74
780,13/05/24,IMP. CRE. LEY 25413,,-18.43,512273.31
781,13/05/24,IMP. DEB. LEY 25413,,-0.33,512272.98
782,13/05/24,ACREDITAMIENTO,4053.59,,516326.57
785,13/05/24,ING. BRUTOS S/ CRED,,-72.96,516253.61
787,13/05/24,IMP. CRE. LEY 25413,,-24.32,516229.29
788,13/05/24,IMP. DEB. LEY 25413,,-0.44,516228.85
789,13/05/24,ACREDITAMIENTO,4535.24,,520764.09
792,13/05/24,ING. BRUTOS S/ CRED,,-81.63,520682.46
794,13/05/24,IMP. CRE. LEY 25413,,-27.21,520655.25
795,13/05/24,IMP. DEB. LEY 25413,,-0.49,520654.76
796,13/05/24,ACREDITAMIENTO,5837.2,,526491.96
799,13/05/24,ING. BRUTOS S/ CRED,,-105.07,526386.89
801,13/05/24,IMP. CRE. LEY 25413,,-35.02,526351.87
802,13/05/24,IMP. DEB. LEY 25413,,-0.63,526351.24
803,13/05/24,ACREDITAMIENTO,7461.2,,533812.44
806,13/05/24,ING. BRUTOS S/ CRED,,-134.3,533678.14
808,13/05/24,IMP. CRE. LEY 25413,,-44.77,533633.37
809,13/05/24,IMP. DEB. LEY 25413,,-0.81,533632.56
810,13/05/24,ACREDITAMIENTO,8329.24,,541961.8
813,13/05/24,ING. BRUTOS S/ CRED,,-149.93,541811.87
815,13/05/24,IMP. CRE. LEY 25413,,-49.98,541761.89
816,13/05/24,IMP. DEB. LEY 25413,,-0.9,541760.99
817,13/05/24,ACREDITAMIENTO,9460.61,,551221.6
820,13/05/24,ING. BRUTOS S/ CRED,,-170.29,551051.31
822,13/05/24,IMP. CRE. LEY 25413,,-56.76,550994.55
823,13/05/24,IMP. DEB. LEY 25413,,-1.02,550993.53
824,13/05/24,ACREDITAMIENTO,34984.73,,585978.26
827,13/05/24,ING. BRUTOS S/ CRED,,-629.73,585348.53
829,13/05/24,IMP. CRE. LEY 25413,,-209.91,585138.62
830,13/05/24,IMP. DEB. LEY 25413,,-3.78,585134.84
831,13/05/24,ACREDITAMIENTO,42340.59,,627475.43
834,13/05/24,ING. BRUTOS S/ CRED,,-762.13,626713.3
836,13/05/24,IMP. CRE. LEY 25413,,-254.04,626459.26
837,13/05/24,IMP. DEB. LEY 25413,,-4.57,626454.69
838,13/05/24,COMPRA DEBITO 0833,,-139360.0,487094.69
841,13/05/24,IMP. DEB. LEY 25413,,-836.16,486258.53
842,14/05/24,ACREDITAMIENTO,2184.0,,488442.53
845,14/05/24,ING. BRUTOS S/ CRED,,-39.31,488403.22
847,14/05/24,IMP. CRE. LEY 25413,,-13.1,488390.12
848,14/05/24,IMP. DEB. LEY 25413,,-0.24,488389.88
849,14/05/24,ACREDITAMIENTO,2340.77,,490730.65
852,14/05/24,ING. BRUTOS S/ CRED,,-42.13,490688.52
854,14/05/24,IMP. CRE. LEY 25413,,-14.04,490674.48
855,14/05/24,IMP. DEB. LEY 25413,,-0.25,490674.23
856,14/05/24,ACREDITAMIENTO,2529.44,,493203.67
859,14/05/24,ING. BRUTOS S/ CRED,,-45.53,493158.14
861,14/05/24,IMP. CRE. LEY 25413,,-15.18,493142.96
862,14/05/24,IMP. DEB. LEY 25413,,-0.27,493142.69
863,14/05/24,ACREDITAMIENTO,2862.57,,496005.26
866,14/05/24,ING. BRUTOS S/ CRED,,-51.53,495953.73
868,14/05/24,IMP. CRE. LEY 25413,,-17.18,495936.55
869,14/05/24,IMP. DEB. LEY 25413,,-0.31,495936.24
870,14/05/24,ACREDITAMIENTO,3988.72,,499924.96
873,14/05/24,ING. BRUTOS S/ CRED,,-71.8,499853.16
875,14/05/24,IMP. CRE. LEY 25413,,-23.93,499829.23
876,14/05/24,IMP. DEB. LEY 25413,,-0.43,499828.8
877,14/05/24,ACREDITAMIENTO,4686.74,,504515.54
880,14/05/24,ING. BRUTOS S/ CRED,,-84.36,504431.18
882,14/05/24,IMP. CRE. LEY 25413,,-28.12,504403.06
883,14/05/24,IMP. DEB. LEY 25413,,-0.51,504402.55
884,14/05/24,ACREDITAMIENTO,5110.68,,509513.23
887,14/05/24,ING. BRUTOS S/ CRED,,-91.99,509421.24
889,14/05/24,IMP. CRE. LEY 25413,,-30.66,509390.58
890,14/05/24,IMP. DEB. LEY 25413,,-0.55,509390.03
891,14/05/24,ACREDITAMIENTO,5529.1,,514919.13
894,14/05/24,ING. BRUTOS S/ CRED,,-99.52,514819.61
896,14/05/24,IMP. CRE. LEY 25413,,-33.17,514786.44
897,14/05/24,IMP. DEB. LEY 25413,,-0.6,514785.84
898,14/05/24,ACREDITAMIENTO,5825.75,,520611.59
901,14/05/24,ING. BRUTOS S/ CRED,,-104.86,520506.73
903,14/05/24,IMP. CRE. LEY 25413,,-34.95,520471.78
904,14/05/24,IMP. DEB. LEY 25413,,-0.63,520471.15
905,14/05/24,ACREDITAMIENTO,6972.19,,527443.34
908,14/05/24,ING. BRUTOS S/ CRED,,-125.5,527317.84
910,14/05/24,IMP. CRE. LEY 25413,,-41.83,527276.01
911,14/05/24,IMP. DEB. LEY 25413,,-0.75,527275.26
912,14/05/24,ACREDITAMIENTO,8082.83,,535358.09
915,14/05/24,ING. BRUTOS S/ CRED,,-145.49,535212.6
917,14/05/24,IMP. CRE. LEY 25413,,-48.5,535164.1
918,14/05/24,IMP. DEB. LEY 25413,,-0.87,535163.23
919,14/05/24,ACREDITAMIENTO,12971.76,,548134.99
922,14/05/24,ING. BRUTOS S/ CRED,,-233.49,547901.5
924,14/05/24,IMP. DEB. LEY 25413,,-1.4,547822.27
925,14/05/24,ACREDITAMIENTO,14346.96,,562169.23
928,14/05/24,ING. BRUTOS S/ CRED,,-258.25,561910.98
930,14/05/24,IMP. CRE. LEY 25413,,-86.08,561824.9
931,14/05/24,IMP. DEB. LEY 25413,,-1.55,561823.35
932,14/05/24,ACREDITAMIENTO,17945.89,,579769.24
935,14/05/24,ING. BRUTOS S/ CRED,,-323.03,579446.21
937,14/05/24,IMP. CRE. LEY 25413,,-107.68,579338.53
938,14/05/24,IMP. DEB. LEY 25413,,-1.94,579336.59
939,14/05/24,ACREDITAMIENTO,27065.13,,606401.72
942,14/05/24,ING. BRUTOS S/ CRED,,-487.17,605914.55
944,14/05/24,IMP. CRE. LEY 25413,,-162.39,605752.16
945,14/05/24,IMP. DEB. LEY 25413,,-2.92,605749.24
946,14/05/24,ACREDITAMIENTO,35599.18,,641348.42
949,14/05/24,ING. BRUTOS S/ CRED,,-640.79,640707.63
951,14/05/24,IMP. CRE. LEY 25413,,-213.6,640494.03
952,14/05/24,IMP. DEB. LEY 25413,,-3.84,640490.19
953,14/05/24,ACREDITAMIENTO,66187.64,,706677.83
956,14/05/24,ING. BRUTOS S/ CRED,,-1191.38,705486.45
958,14/05/24,IMP. CRE. LEY 25413,,-397.13,705089.32
959,14/05/24,IMP. DEB. LEY 25413,,-7.15,705082.17
960,14/05/24,ACREDITAMIENTO,127111.51,,832193.68
963,14/05/24,ING. BRUTOS S/ CRED,,-2288.01,829905.67
965,14/05/24,IMP. CRE. LEY 25413,,-762.67,829143.0
966,14/05/24,IMP. DEB. LEY 25413,,-13.73,829129.27
967,14/05/24,COMPRA DEBITO 0792,,-209065.92,620063.35
970,14/05/24,IMP. DEB. LEY 25413,,-1254.4,618808.95
971,14/05/24,SERVICIO PAGO A PROVEEDORES,2224.8,,621033.75
976,14/05/24,ING. BRUTOS S/ CRED,,-40.05,620993.7
978,14/05/24,IMP. CRE. LEY 25413,,-13.35,620980.35
979,14/05/24,IMP. DEB. LEY 25413,,-0.24,620980.11
980,15/05/24,ACREDITAMIENTO,520.71,,621500.82
983,15/05/24,ING. BRUTOS S/ CRED,,-9.37,621491.45
985,15/05/24,IMP. CRE. LEY 25413,,-3.12,621488.33
986,15/05/24,IMP. DEB. LEY 25413,,-0.06,621488.27
987,15/05/24,ACREDITAMIENTO,1736.57,,623224.84
990,15/05/24,ING. BRUTOS S/ CRED,,-31.26,623193.58
992,15/05/24,IMP. CRE. LEY 25413,,-10.42,623183.16
993,15/05/24,IMP. DEB. LEY 25413,,-0.19,623182.97
994,15/05/24,ACREDITAMIENTO,2252.99,,625435.96
997,15/05/24,ING. BRUTOS S/ CRED,,-40.55,625395.41
999,15/05/24,IMP. CRE. LEY 25413,,-13.52,625381.89
1000,15/05/24,IMP. DEB. LEY 25413,,-0.24,625381.65
1001,15/05/24,ACREDITAMIENTO,2750.99,,628132.64
1004,15/05/24,ING. BRUTOS S/ CRED,,-49.52,628083.12
1006,15/05/24,IMP. CRE. LEY 25413,,-16.51,628066.61
1007,15/05/24,IMP. DEB. LEY 25413,,-0.3,628066.31
1008,15/05/24,ACREDITAMIENTO,4352.87,,632419.18
1011,15/05/24,ING. BRUTOS S/ CRED,,-78.35,632340.83
1013,15/05/24,IMP. CRE. LEY 25413,,-26.12,632314.71
1014,15/05/24,IMP. DEB. LEY 25413,,-0.47,632314.24
1015,15/05/24,ACREDITAMIENTO,4353.0,,636667.24
1018,15/05/24,ING. BRUTOS S/ CRED,,-78.35,636588.89
1020,15/05/24,IMP. CRE. LEY 25413,,-26.12,636562.77
1021,15/05/24,IMP. DEB. LEY 25413,,-0.47,636562.3
1022,15/05/24,ACREDITAMIENTO,5559.33,,642121.63
1025,15/05/24,ING. BRUTOS S/ CRED,,-100.07,642021.56
1027,15/05/24,IMP. CRE. LEY 25413,,-33.36,641988.2
1028,15/05/24,IMP. DEB. LEY 25413,,-0.6,641987.6
1029,15/05/24,ACREDITAMIENTO,6632.18,,648619.78
1032,15/05/24,ING. BRUTOS S/ CRED,,-119.38,648500.4
1034,15/05/24,IMP. CRE. LEY 25413,,-39.79,648460.61
1035,15/05/24,IMP. DEB. LEY 25413,,-0.72,648459.89
1036,15/05/24,ACREDITAMIENTO,8290.22,,656750.11
1039,15/05/24,ING. BRUTOS S/ CRED,,-149.22,656600.89
1041,15/05/24,IMP. CRE. LEY 25413,,-49.74,656551.15
1042,15/05/24,IMP. DEB. LEY 25413,,-0.9,656550.25
1043,15/05/24,ACREDITAMIENTO,13415.19,,669965.44
1046,15/05/24,ING. BRUTOS S/ CRED,,-241.47,669723.97
1048,15/05/24,IMP. CRE. LEY 25413,,-80.49,669643.48
1049,15/05/24,IMP. DEB. LEY 25413,,-1.45,669642.03
1050,15/05/24,ACREDITAMIENTO,25182.77,,694824.8
1053,15/05/24,ING. BRUTOS S/ CRED,,-453.29,694371.51
1055,15/05/24,IMP. CRE. LEY 25413,,-151.1,694220.41
1056,15/05/24,IMP. DEB. LEY 25413,,-2.72,694217.69
1057,15/05/24,ACREDITAMIENTO,34768.21,,728985.9
1060,15/05/24,ING. BRUTOS S/ CRED,,-625.83,728360.07
1062,15/05/24,IMP. CRE. LEY 25413,,-208.61,728151.46
1063,15/05/24,IMP. DEB. LEY 25413,,-3.75,728147.71
1064,15/05/24,ACREDITAMIENTO,43869.9,,772017.61
1067,15/05/24,ING. BRUTOS S/ CRED,,-789.66,771227.95
1069,15/05/24,IMP. CRE. LEY 25413,,-263.22,770964.73
1070,15/05/24,IMP. DEB. LEY 25413,,-4.74,770959.99
1071,16/05/24,ACREDITAMIENTO,867.83,,771827.82
1074,16/05/24,ING. BRUTOS S/ CRED,,-15.62,771812.2
1076,16/05/24,IMP. CRE. LEY 25413,,-5.21,771806.99
1077,16/05/24,IMP. DEB. LEY 25413,,-0.09,771806.9
1078,16/05/24,ACREDITAMIENTO,1240.41,,773047.31
1081,16/05/24,ING. BRUTOS S/ CRED,,-22.33,773024.98
1083,16/05/24,IMP. CRE. LEY 25413,,-7.44,773017.54
1084,16/05/24,IMP. DEB. LEY 25413,,-0.13,773017.41
1085,16/05/24,ACREDITAMIENTO,1541.01,,774558.42
1088,16/05/24,ING. BRUTOS S/ CRED,,-27.74,774530.68
1090,16/05/24,IMP. CRE. LEY 25413,,-9.25,774521.43
1091,16/05/24,IMP. DEB. LEY 25413,,-0.17,774521.26
1092,16/05/24,ACREDITAMIENTO,1804.35,,776325.61
1095,16/05/24,ING. BRUTOS S/ CRED,,-32.48,776293.13
1097,16/05/24,IMP. CRE. LEY 25413,,-10.83,776282.3
1098,16/05/24,IMP. DEB. LEY 25413,,-0.19,776282.11
1099,16/05/24,ACREDITAMIENTO,2104.5,,778386.61
1102,16/05/24,ING. BRUTOS S/ CRED,,-37.88,778348.73
1104,16/05/24,IMP. CRE. LEY 25413,,-12.63,778336.1
1105,16/05/24,IMP. DEB. LEY 25413,,-0.23,778335.87
1106,16/05/24,ACREDITAMIENTO,2487.07,,780822.94
1109,16/05/24,ING. BRUTOS S/ CRED,,-44.77,780778.17
1111,16/05/24,IMP. DEB. LEY 25413,,-0.27,780762.98
1112,16/05/24,ACREDITAMIENTO,2784.82,,783547.8
1115,16/05/24,ING. BRUTOS S/ CRED,,-50.13,783497.67
1117,16/05/24,IMP. CRE. LEY 25413,,-16.71,783480.96
1118,16/05/24,IMP. DEB. LEY 25413,,-0.3,783480.66
1119,16/05/24,ACREDITAMIENTO,3801.7,,787282.36
1122,16/05/24,ING. BRUTOS S/ CRED,,-68.43,787213.93
1124,16/05/24,IMP. CRE. LEY 25413,,-22.81,787191.12
1125,16/05/24,IMP. DEB. LEY 25413,,-0.41,787190.71
1126,16/05/24,ACREDITAMIENTO,6028.37,,793219.08
1129,16/05/24,ING. BRUTOS S/ CRED,,-108.51,793110.57
1131,16/05/24,IMP. CRE. LEY 25413,,-36.17,793074.4
1132,16/05/24,IMP. DEB. LEY 25413,,-0.65,793073.75
1133,16/05/24,ACREDITAMIENTO,6339.58,,799413.33
1136,16/05/24,ING. BRUTOS S/ CRED,,-114.11,799299.22
1138,16/05/24,IMP. CRE. LEY 25413,,-38.04,799261.18
1139,16/05/24,IMP. DEB. LEY 25413,,-0.68,799260.5
1140,16/05/24,ACREDITAMIENTO,8641.46,,807901.96
1143,16/05/24,ING. BRUTOS S/ CRED,,-155.55,807746.41
1145,16/05/24,IMP. CRE. LEY 25413,,-51.85,807694.56
1146,16/05/24,IMP. DEB. LEY 25413,,-0.93,807693.63
1147,16/05/24,ACREDITAMIENTO,9757.86,,817451.49
1150,16/05/24,ING. BRUTOS S/ CRED,,-175.64,817275.85
1152,16/05/24,IMP. CRE. LEY 25413,,-58.55,817217.3
1153,16/05/24,IMP. DEB. LEY 25413,,-1.05,817216.25
1154,16/05/24,ACREDITAMIENTO,13947.08,,831163.33
1157,16/05/24,ING. BRUTOS S/ CRED,,-251.05,830912.28
1159,16/05/24,IMP. CRE. LEY 25413,,-83.68,830828.6
1160,16/05/24,IMP. DEB. LEY 25413,,-1.51,830827.09
1161,16/05/24,ACREDITAMIENTO,21291.24,,852118.33
1164,16/05/24,ING. BRUTOS S/ CRED,,-383.24,851735.09
1166,16/05/24,IMP. CRE. LEY 25413,,-127.75,851607.34
1167,16/05/24,IMP. DEB. LEY 25413,,-2.3,851605.04
1168,16/05/24,ACREDITAMIENTO,22720.09,,874325.13
1171,16/05/24,ING. BRUTOS S/ CRED,,-408.96,873916.17
1173,16/05/24,IMP. CRE. LEY 25413,,-136.32,873779.85
1174,16/05/24,IMP. DEB. LEY 25413,,-2.45,873777.4
1175,16/05/24,ACREDITAMIENTO,32243.84,,906021.24
1178,16/05/24,ING. BRUTOS S/ CRED,,-580.39,905440.85
1180,16/05/24,IMP. CRE. LEY 25413,,-193.46,905247.39
1181,16/05/24,IMP. DEB. LEY 25413,,-3.48,905243.91
1182,16/05/24,TRANSFERENCIA DE CUENTA 0074,100000.0,,1005243.91
1190,16/05/24,TRANSF. AFIP,,-980481.52,24762.39
1193,16/05/24,IMP. DEB. LEY 25413,,-5882.89,18879.5
1194,17/05/24,SERVICIO PAGO A PROVEEDORES,2281.5,,21161.0
1199,17/05/24,ING. BRUTOS S/ CRED,,-41.07,21119.93
1201,17/05/24,IMP. CRE. LEY 25413,,-13.69,21106.24
1203,17/05/24,IMP. DEB. LEY 25413,,-0.25,21105.99
1205,17/05/24,ACREDITAMIENTO,487.66,,21593.65
1208,17/05/24,ING. BRUTOS S/ CRED,,-8.78,21584.87
1210,17/05/24,IMP. CRE. LEY 25413,,-2.93,21581.94
1212,17/05/24,IMP. DEB. LEY 25413,,-0.05,21581.89
1214,17/05/24,ACREDITAMIENTO,1904.93,,23486.82
1217,17/05/24,ING. BRUTOS S/ CRED,,-34.29,23452.53
1219,17/05/24,IMP. CRE. LEY 25413,,-11.43,23441.1
1221,17/05/24,IMP. DEB. LEY 25413,,-0.21,23440.89
1223,17/05/24,ACREDITAMIENTO,1926.78,,25367.67
1226,17/05/24,ING. BRUTOS S/ CRED,,-34.68,25332.99
1228,17/05/24,IMP. CRE. LEY 25413,,-11.56,25321.43
1230,17/05/24,IMP. DEB. LEY 25413,,-0.21,25321.22
1232,17/05/24,ACREDITAMIENTO,2102.4,,27423.62
1235,17/05/24,ING. BRUTOS S/ CRED,,-37.84,27385.78
1237,17/05/24,IMP. CRE. LEY 25413,,-12.61,27373.17
1239,17/05/24,IMP. DEB. LEY 25413,,-0.23,27372.94
1241,17/05/24,ACREDITAMIENTO,2976.97,,30349.91
1244,17/05/24,ING. BRUTOS S/ CRED,,-53.59,30296.32
1246,17/05/24,IMP. CRE. LEY 25413,,-17.86,30278.46
1248,17/05/24,IMP. DEB. LEY 25413,,-0.32,30278.14
1250,17/05/24,ACREDITAMIENTO,4672.19,,34950.33
1253,17/05/24,ING. BRUTOS S/ CRED,,-84.1,34866.23
1255,17/05/24,IMP. CRE. LEY 25413,,-28.03,34838.2
1257,17/05/24,IMP. DEB. LEY 25413,,-0.5,34837.7
1259,17/05/24,ACREDITAMIENTO,5424.71,,40262.41
1262,17/05/24,ING. BRUTOS S/ CRED,,-97.64,40164.77
1264,17/05/24,IMP. CRE. LEY 25413,,-32.55,40132.22
1266,17/05/24,IMP. DEB. LEY 25413,,-0.59,40131.63
1268,17/05/24,ACREDITAMIENTO,6046.99,,46178.62
1271,17/05/24,ING. BRUTOS S/ CRED,,-108.85,46069.77
1273,17/05/24,IMP. CRE. LEY 25413,,-36.28,46033.49
1275,17/05/24,IMP. DEB. LEY 25413,,-0.65,46032.84
1277,17/05/24,ACREDITAMIENTO,13683.74,,59716.58
1280,17/05/24,ING. BRUTOS S/ CRED,,-246.31,59470.27
1282,17/05/24,IMP. CRE. LEY 25413,,-82.1,59388.17
1284,17/05/24,IMP. DEB. LEY 25413,,-1.48,59386.69
1286,17/05/24,ACREDITAMIENTO,14824.87,,74211.56
1289,17/05/24,ING. BRUTOS S/ CRED,,-266.85,73944.71
1291,17/05/24,IMP. CRE. LEY 25413,,-88.95,73855.76
1293,17/05/24,IMP. DEB. LEY 25413,,-1.6,73854.16
1295,17/05/24,ACREDITAMIENTO,16364.42,,90218.58
1298,17/05/24,ING. BRUTOS S/ CRED,,-294.56,89924.02
1300,17/05/24,IMP. CRE. LEY 25413,,-98.19,89825.83
1302,17/05/24,IMP. DEB. LEY 25413,,-1.77,89824.06
1304,17/05/24,ACREDITAMIENTO,23202.87,,113026.93
1307,17/05/24,ING. BRUTOS S/ CRED,,-417.65,112609.28
1309,17/05/24,IMP. CRE. LEY 25413,,-139.22,112470.06
1310,17/05/24,IMP. DEB. LEY 25413,,-2.51,112467.55
1312,17/05/24,ACREDITAMIENTO,36476.97,,148944.52
1315,17/05/24,ING. BRUTOS S/ CRED,,-656.59,148287.93
1317,17/05/24,IMP. CRE. LEY 25413,,-218.86,148069.07
1319,17/05/24,IMP. DEB. LEY 25413,,-3.94,148065.13
1321,20/05/24,ACREDITAMIENTO,585.2,,148650.33
1324,20/05/24,ING. BRUTOS S/ CRED,,-10.53,148639.8
1326,20/05/24,IMP. CRE. LEY 25413,,-3.51,148636.29
1328,20/05/24,IMP. DEB. LEY 25413,,-0.06,148636.23
1330,20/05/24,ACREDITAMIENTO,1720.04,,150356.27
1333,20/05/24,ING. BRUTOS S/ CRED,,-30.96,150325.31
1335,20/05/24,IMP. CRE. LEY 25413,,-10.32,150314.99
1337,20/05/24,IMP. DEB. LEY 25413,,-0.19,150314.8
1339,20/05/24,ACREDITAMIENTO,2169.55,,152484.35
1342,20/05/24,ING. BRUTOS S/ CRED,,-39.05,152445.3
1344,20/05/24,IMP. CRE. LEY 25413,,-13.02,152432.28
1346,20/05/24,IMP. DEB. LEY 25413,,-0.23,152432.05
1348,20/05/24,ACREDITAMIENTO,2212.95,,154645.0
1351,20/05/24,ING. BRUTOS S/ CRED,,-39.83,154605.17
1352,20/05/24,IMP. CRE. LEY 25413,,-13.28,154591.89
1354,20/05/24,IMP. DEB. LEY 25413,,-0.24,154591.65
1356,20/05/24,ACREDITAMIENTO,2480.81,,157072.46
1359,20/05/24,ING. BRUTOS S/ CRED,,-44.65,157027.81
1361,20/05/24,IMP. CRE. LEY 25413,,-14.88,157012.93
1363,20/05/24,IMP. DEB. LEY 25413,,-0.27,157012.66
1365,20/05/24,ACREDITAMIENTO,3033.25,,160045.91
1368,20/05/24,ING. BRUTOS S/ CRED,,-54.6,159991.31
1370,20/05/24,IMP. CRE. LEY 25413,,-18.2,159973.11
1372,20/05/24,IMP. DEB. LEY 25413,,-0.33,159972.78
1374,20/05/24,ACREDITAMIENTO,3340.83,,163313.61
1377,20/05/24,ING. BRUTOS S/ CRED,,-60.13,163253.48
1379,20/05/24,IMP. CRE. LEY 25413,,-20.04,163233.44
1381,20/05/24,IMP. DEB. LEY 25413,,-0.36,163233.08
1383,20/05/24,ACREDITAMIENTO,5071.67,,168304.75
1386,20/05/24,ING. BRUTOS S/ CRED,,-91.29,168213.46
1388,20/05/24,IMP. CRE. LEY 25413,,-30.43,168183.03
1390,20/05/24,IMP. DEB. LEY 25413,,-0.55,168182.48
1392,20/05/24,ACREDITAMIENTO,9675.18,,177857.66
1394,20/05/24,ING. BRUTOS S/ CRED,,-174.15,177683.51
1396,20/05/24,IMP. CRE. LEY 25413,,-58.05,177625.46
1398,20/05/24,IMP. DEB. LEY 25413,,-1.04,177624.42
1400,20/05/24,ACREDITAMIENTO,15799.03,,193423.45
1403,20/05/24,ING. BRUTOS S/ CRED,,-284.38,193139.07
1405,20/05/24,IMP. CRE. LEY 25413,,-94.79,193044.28
1407,20/05/24,IMP. DEB. LEY 25413,,-1.71,193042.57
1409,20/05/24,ACREDITAMIENTO,18297.01,,211339.58
1412,20/05/24,ING. BRUTOS S/ CRED,,-329.35,211010.23
1414,20/05/24,IMP. CRE. LEY 25413,,-109.78,210900.45
1416,20/05/24,IMP. DEB. LEY 25413,,-1.98,210898.47
1418,20/05/24,ACREDITAMIENTO,24525.4,,235423.87
1421,20/05/24,ING. BRUTOS S/ CRED,,-441.46,234982.41
1423,20/05/24,IMP. CRE. LEY 25413,,-147.15,234835.26
1425,20/05/24,IMP. DEB. LEY 25413,,-2.65,234832.61
1427,20/05/24,ACREDITAMIENTO,42787.29,,277619.9
1430,20/05/24,ING. BRUTOS S/ CRED,,-770.17,276849.73
1432,20/05/24,IMP. CRE. LEY 25413,,-256.72,276593.01
1434,20/05/24,IMP. DEB. LEY 25413,,-4.62,276588.39
1436,21/05/24,ACREDITAMIENTO,1755.58,,278343.97
1439,21/05/24,ING. BRUTOS S/ CRED,,-31.6,278312.37
1441,21/05/24,IMP. CRE. LEY 25413,,-10.53,278301.84
1443,21/05/24,IMP. DEB. LEY 25413,,-0.19,278301.65
1445,21/05/24,ACREDITAMIENTO,1853.11,,280154.76
1448,21/05/24,ING. BRUTOS S/ CRED,,-33.36,280121.4
1450,21/05/24,IMP. CRE. LEY 25413,,-11.12,280110.28
1452,21/05/24,IMP. DEB. LEY 25413,,-0.2,280110.08
1454,21/05/24,ACREDITAMIENTO,3836.16,,283946.24
1457,21/05/24,ING. BRUTOS S/ CRED,,-69.05,283877.19
1459,21/05/24,IMP. CRE. LEY 25413,,-23.02,283854.17
1461,21/05/24,IMP. DEB. LEY 25413,,-0.41,283853.76
1463,21/05/24,ACREDITAMIENTO,3841.13,,287694.89
1466,21/05/24,ING. BRUTOS S/ CRED,,-69.14,287625.75
1468,21/05/24,IMP. CRE. LEY 25413,,-23.05,287602.7
1470,21/05/24,IMP. DEB. LEY 25413,,-0.41,287602.29
1472,21/05/24,ACREDITAMIENTO,4167.75,,291770.04
1475,21/05/24,ING. BRUTOS S/ CRED,,-75.02,291695.02
1477,21/05/24,IMP. CRE. LEY 25413,,-25.01,291670.01
1478,21/05/24,IMP. DEB. LEY 25413,,-0.45,291669.56
1480,21/05/24,ACREDITAMIENTO,4681.54,,296351.1
1483,21/05/24,ING. BRUTOS S/ CRED,,-84.27,296266.83
1485,21/05/24,IMP. CRE. LEY 25413,,-28.09,296238.74
1487,21/05/24,IMP. DEB. LEY 25413,,-0.51,296238.23
1489,21/05/24,ACREDITAMIENTO,5266.73,,301504.96
1492,21/05/24,ING. BRUTOS S/ CRED,,-94.8,301410.16
1494,21/05/24,IMP. CRE. LEY 25413,,-31.6,301378.56
1496,21/05/24,IMP. DEB. LEY 25413,,-0.57,301377.99
1498,21/05/24,ACREDITAMIENTO,5423.89,,306801.88
1501,21/05/24,ING. BRUTOS S/ CRED,,-97.63,306704.25
1503,21/05/24,IMP. CRE. LEY 25413,,-32.54,306671.71
1505,21/05/24,IMP. DEB. LEY 25413,,-0.59,306671.12
1507,21/05/24,ACREDITAMIENTO,6168.94,,312840.06
1510,21/05/24,ING. BRUTOS S/ CRED,,-111.04,312729.02
1512,21/05/24,IMP. CRE. LEY 25413,,-37.01,312692.01
1514,21/05/24,IMP. DEB. LEY 25413,,-0.67,312691.34
1516,21/05/24,ACREDITAMIENTO,8680.35,,321371.69
1519,21/05/24,ING. BRUTOS S/ CRED,,-156.25,321215.44
1520,21/05/24,IMP. CRE. LEY 25413,,-52.08,321163.36
1522,21/05/24,IMP. DEB. LEY 25413,,-0.94,321162.42
1524,21/05/24,ACREDITAMIENTO,12079.35,,333241.77
1527,21/05/24,ING. BRUTOS S/ CRED,,-217.43,333024.34
1529,21/05/24,IMP. CRE. LEY 25413,,-72.48,332951.86
1531,21/05/24,IMP. DEB. LEY 25413,,-1.3,332950.56
1533,21/05/24,ACREDITAMIENTO,14568.07,,347518.63
1536,21/05/24,ING. BRUTOS S/ CRED,,-262.23,347256.4
1538,21/05/24,IMP. CRE. LEY 25413,,-87.41,347168.99
1540,21/05/24,IMP. DEB. LEY 25413,,-1.57,347167.42
1542,21/05/24,ACREDITAMIENTO,19266.83,,366434.25
1545,21/05/24,ING. BRUTOS S/ CRED,,-346.8,366087.45
1547,21/05/24,IMP. CRE. LEY 25413,,-115.6,365971.85
1549,21/05/24,IMP. DEB. LEY 25413,,-2.08,365969.77
1551,21/05/24,ACREDITAMIENTO,27611.31,,393581.08
1554,21/05/24,ING. BRUTOS S/ CRED,,-497.0,393084.08
1556,21/05/24,IMP. CRE. LEY 25413,,-165.67,392918.41
1558,21/05/24,IMP. DEB. LEY 25413,,-2.98,392915.43
1560,21/05/24,ACREDITAMIENTO,51701.72,,444617.15
1562,21/05/24,ING. BRUTOS S/ CRED,,-930.63,443686.52
1564,21/05/24,IMP. CRE. LEY 25413,,-310.21,443376.31
1566,21/05/24,IMP. DEB. LEY 25413,,-5.58,443370.73
1568,21/05/24,ACREDITAMIENTO,53284.19,,496654.92
1571,21/05/24,ING. BRUTOS S/ CRED,,-959.12,495695.8
1573,21/05/24,IMP. CRE. LEY 25413,,-319.71,495376.09
1575,21/05/24,IMP. DEB. LEY 25413,,-5.75,495370.34
1577,21/05/24,ACREDITAMIENTO,99009.62,,594379.96
1580,21/05/24,ING. BRUTOS S/ CRED,,-1782.17,592597.79
1582,21/05/24,IMP. CRE. LEY 25413,,-594.06,592003.73
1584,21/05/24,IMP. DEB. LEY 25413,,-10.69,591993.04
1586,22/05/24,ACREDITAMIENTO,624.21,,592617.25
1589,22/05/24,ING. BRUTOS S/ CRED,,-11.24,592606.01
1591,22/05/24,IMP. CRE. LEY 25413,,-3.75,592602.26
1593,22/05/24,IMP. DEB. LEY 25413,,-0.07,592602.19
1595,22/05/24,ACREDITAMIENTO,793.88,,593396.07
1598,22/05/24,ING. BRUTOS S/ CRED,,-14.29,593381.78
1600,22/05/24,IMP. CRE. LEY 25413,,-4.76,593377.02
1602,22/05/24,IMP. DEB. LEY 25413,,-0.09,593376.93
1604,22/05/24,ACREDITAMIENTO,975.32,,594352.25
1607,22/05/24,ING. BRUTOS S/ CRED,,-17.56,594334.69
1609,22/05/24,IMP. CRE. LEY 25413,,-5.85,594328.84
1611,22/05/24,IMP. DEB. LEY 25413,,-0.11,594328.73
1613,22/05/24,ACREDITAMIENTO,1323.11,,595651.84
1616,22/05/24,ING. BRUTOS S/ CRED,,-23.82,595628.02
1618,22/05/24,IMP. CRE. LEY 25413,,-7.94,595620.08
1620,22/05/24,IMP. DEB. LEY 25413,,-0.14,595619.94
1622,22/05/24,ACREDITAMIENTO,1488.49,,597108.43
1625,22/05/24,ING. BRUTOS S/ CRED,,-26.79,597081.64
1627,22/05/24,IMP. CRE. LEY 25413,,-8.93,597072.71
1629,22/05/24,IMP. DEB. LEY 25413,,-0.16,597072.55
1631,22/05/24,ACREDITAMIENTO,1735.64,,598808.19
1634,22/05/24,ING. BRUTOS S/ CRED,,-31.24,598776.95
1636,22/05/24,IMP. CRE. LEY 25413,,-10.41,598766.54
1638,22/05/24,IMP. DEB. LEY 25413,,-0.19,598766.35
1640,22/05/24,ACREDITAMIENTO,3734.51,,602500.86
1643,22/05/24,ING. BRUTOS S/ CRED,,-67.22,602433.64
1645,22/05/24,IMP. CRE. LEY 25413,,-22.41,602411.23
1646,22/05/24,IMP. DEB. LEY 25413,,-0.4,602410.83
1648,22/05/24,ACREDITAMIENTO,4681.54,,607092.37
1651,22/05/24,ING. BRUTOS S/ CRED,,-84.27,607008.1
1653,22/05/24,IMP. CRE. LEY 25413,,-28.09,606980.01
1655,22/05/24,IMP. DEB. LEY 25413,,-0.51,606979.5
1657,22/05/24,ACREDITAMIENTO,5968.96,,612948.46
1660,22/05/24,ING. BRUTOS S/ CRED,,-107.44,612841.02
1662,22/05/24,IMP. CRE. LEY 25413,,-35.81,612805.21
1664,22/05/24,IMP. DEB. LEY 25413,,-0.64,612804.57
1666,22/05/24,ACREDITAMIENTO,7855.9,,620660.47
1669,22/05/24,ING. BRUTOS S/ CRED,,-141.41,620519.06
1671,22/05/24,IMP. CRE. LEY 25413,,-47.14,620471.92
1673,22/05/24,IMP. DEB. LEY 25413,,-0.85,620471.07
1675,22/05/24,ACREDITAMIENTO,10484.69,,630955.76
1678,22/05/24,ING. BRUTOS S/ CRED,,-188.72,630767.04
1680,22/05/24,IMP. CRE. LEY 25413,,-62.91,630704.13
1682,22/05/24,IMP. DEB. LEY 25413,,-1.13,630703.0
1684,22/05/24,ACREDITAMIENTO,16775.51,,647478.51
1687,22/05/24,ING. BRUTOS S/ CRED,,-301.96,647176.55
1688,22/05/24,IMP. CRE. LEY 25413,,-100.65,647075.9
1690,22/05/24,IMP. DEB. LEY 25413,,-1.81,647074.09
1692,22/05/24,ACREDITAMIENTO,19496.65,,666570.74
1695,22/05/24,ING. BRUTOS S/ CRED,,-350.94,666219.8
1697,22/05/24,IMP. CRE. LEY 25413,,-116.98,666102.82
1699,22/05/24,IMP. DEB. LEY 25413,,-2.11,666100.71
1701,22/05/24,ACREDITAMIENTO,32209.95,,698310.66
1704,22/05/24,ING. BRUTOS S/ CRED,,-579.78,697730.88
1706,22/05/24,IMP. CRE. LEY 25413,,-193.26,697537.62
1708,22/05/24,IMP. DEB. LEY 25413,,-3.48,697534.14
1710,22/05/24,TRANSF INMED CP,,-445000.0,252534.14
1716,22/05/24,TRANSF. AFIP,,-99536.66,152997.48
1719,22/05/24,IMP. DEB. LEY 25413,,-597.22,152400.26
1721,23/05/24,ACREDITAMIENTO,206.75,,152607.01
1724,23/05/24,ING. BRUTOS S/ CRED,,-3.72,152603.29
1726,23/05/24,IMP. CRE. LEY 25413,,-1.24,152602.05
1728,23/05/24,IMP. DEB. LEY 25413,,-0.02,152602.03
1730,23/05/24,ACREDITAMIENTO,771.05,,153373.08
1733,23/05/24,ING. BRUTOS S/ CRED,,-13.88,153359.2
1735,23/05/24,IMP. CRE. LEY 25413,,-4.63,153354.57
1737,23/05/24,IMP. DEB. LEY 25413,,-0.08,153354.49
1739,23/05/24,ACREDITAMIENTO,1072.86,,154427.35
1742,23/05/24,ING. BRUTOS S/ CRED,,-19.31,154408.04
1744,23/05/24,IMP. CRE. LEY 25413,,-6.44,154401.6
1746,23/05/24,IMP. DEB. LEY 25413,,-0.12,154401.48
1748,23/05/24,ACREDITAMIENTO,1726.98,,156128.46
1751,23/05/24,ING. BRUTOS S/ CRED,,-31.09,156097.37
1753,23/05/24,IMP. CRE. LEY 25413,,-10.36,156087.01
1755,23/05/24,IMP. DEB. LEY 25413,,-0.19,156086.82
1757,23/05/24,ACREDITAMIENTO,1819.27,,157906.09
1760,23/05/24,ING. BRUTOS S/ CRED,,-32.75,157873.34
1762,23/05/24,IMP. CRE. LEY 25413,,-10.92,157862.42
1764,23/05/24,IMP. DEB. LEY 25413,,-0.2,157862.22
1766,23/05/24,ACREDITAMIENTO,2298.89,,160161.11
1769,23/05/24,ING. BRUTOS S/ CRED,,-41.38,160119.73
1771,23/05/24,IMP. CRE. LEY 25413,,-13.79,160105.94
1772,23/05/24,IMP. DEB. LEY 25413,,-0.25,160105.69
1774,23/05/24,ACREDITAMIENTO,2770.25,,162875.94
1777,23/05/24,ING. BRUTOS S/ CRED,,-49.86,162826.08
1779,23/05/24,IMP. CRE. LEY 25413,,-16.62,162809.46
1781,23/05/24,IMP. DEB. LEY 25413,,-0.3,162809.16
1783,23/05/24,ACREDITAMIENTO,2789.36,,165598.52
1786,23/05/24,ING. BRUTOS S/ CRED,,-50.21,165548.31
1788,23/05/24,IMP. CRE. LEY 25413,,-16.74,165531.57
1790,23/05/24,IMP. DEB. LEY 25413,,-0.3,165531.27
1792,23/05/24,ACREDITAMIENTO,6242.05,,171773.32
1795,23/05/24,ING. BRUTOS S/ CRED,,-112.36,171660.96
1797,23/05/24,IMP. CRE. LEY 25413,,-37.45,171623.51
1799,23/05/24,IMP. DEB. LEY 25413,,-0.67,171622.84
1801,23/05/24,ACREDITAMIENTO,7509.97,,179132.81
1804,23/05/24,ING. BRUTOS S/ CRED,,-135.18,178997.63
1806,23/05/24,IMP. CRE. LEY 25413,,-45.06,178952.57
1808,23/05/24,IMP. DEB. LEY 25413,,-0.81,178951.76
1810,23/05/24,ACREDITAMIENTO,7900.1,,186851.86
1813,23/05/24,ING. BRUTOS S/ CRED,,-142.2,186709.66
1814,23/05/24,IMP. CRE. LEY 25413,,-47.4,186662.26
1816,23/05/24,IMP. DEB. LEY 25413,,-0.85,186661.41
1818,23/05/24,ACREDITAMIENTO,9431.35,,196092.76
1821,23/05/24,ING. BRUTOS S/ CRED,,-169.76,195923.0
1823,23/05/24,IMP. CRE. LEY 25413,,-56.59,195866.41
1825,23/05/24,IMP. DEB. LEY 25413,,-1.02,195865.39
1827,23/05/24,ACREDITAMIENTO,14015.35,,209880.74
1830,23/05/24,ING. BRUTOS S/ CRED,,-252.28,209628.46
1832,23/05/24,IMP. CRE. LEY 25413,,-84.09,209544.37
1834,23/05/24,IMP. DEB. LEY 25413,,-1.51,209542.86
1836,23/05/24,ACREDITAMIENTO,14932.15,,224475.01
1839,23/05/24,ING. BRUTOS S/ CRED,,-268.78,224206.23
1841,23/05/24,IMP. CRE. LEY 25413,,-89.59,224116.64
1843,23/05/24,IMP. DEB. LEY 25413,,-1.61,224115.03
1845,23/05/24,ACREDITAMIENTO,23022.44,,247137.47
1848,23/05/24,ING. BRUTOS S/ CRED,,-414.4,246723.07
1850,23/05/24,IMP. CRE. LEY 25413,,-138.13,246584.94
1852,23/05/24,IMP. DEB. LEY 25413,,-2.49,246582.45
1854,24/05/24,ACREDITAMIENTO,975.8,,247558.25
1856,24/05/24,ING. BRUTOS S/ CRED,,-17.56,247540.69
1858,24/05/24,IMP. CRE. LEY 25413,,-5.85,247534.84
1860,24/05/24,IMP. DEB. LEY 25413,,-0.11,247534.73
1862,24/05/24,ACREDITAMIENTO,2343.12,,249877.85
1865,24/05/24,ING. BRUTOS S/ CRED,,-42.18,249835.67
1867,24/05/24,IMP. CRE. LEY 25413,,-14.06,249821.61
1869,24/05/24,IMP. DEB. LEY 25413,,-0.25,249821.36
1871,24/05/24,ACREDITAMIENTO,2808.93,,252630.29
1874,24/05/24,ING. BRUTOS S/ CRED,,-50.56,252579.73
1876,24/05/24,IMP. CRE. LEY 25413,,-16.85,252562.88
1878,24/05/24,IMP. DEB. LEY 25413,,-0.3,252562.58
1880,24/05/24,ACREDITAMIENTO,3991.26,,256553.84
1883,24/05/24,ING. BRUTOS S/ CRED,,-71.84,256482.0
1885,24/05/24,IMP. CRE. LEY 25413,,-23.95,256458.05
1887,24/05/24,IMP. DEB. LEY 25413,,-0.43,256457.62
1889,24/05/24,ACREDITAMIENTO,4738.37,,261195.99
1892,24/05/24,ING. BRUTOS S/ CRED,,-85.29,261110.7
1894,24/05/24,IMP. CRE. LEY 25413,,-28.43,261082.27
1896,24/05/24,IMP. DEB. LEY 25413,,-0.51,261081.76
1898,24/05/24,ACREDITAMIENTO,5500.81,,266582.57
1901,24/05/24,ING. BRUTOS S/ CRED,,-99.01,266483.56
1903,24/05/24,IMP. CRE. LEY 25413,,-33.0,266450.56
1905,24/05/24,IMP. DEB. LEY 25413,,-0.59,266449.97
1907,24/05/24,ACREDITAMIENTO,8582.82,,275032.79
1910,24/05/24,ING. BRUTOS S/ CRED,,-154.49,274878.3
1912,24/05/24,IMP. CRE. LEY 25413,,-51.5,274826.8
1914,24/05/24,IMP. DEB. LEY 25413,,-0.93,274825.87
1916,24/05/24,ACREDITAMIENTO,26782.29,,301608.16
1919,24/05/24,ING. BRUTOS S/ CRED,,-482.08,301126.08
1921,24/05/24,IMP. CRE. LEY 25413,,-160.69,300965.39
1923,24/05/24,IMP. DEB. LEY 25413,,-2.89,300962.5
1925,24/05/24,ACREDITAMIENTO,39237.13,,340199.63
1928,24/05/24,ING. BRUTOS S/ CRED,,-706.27,339493.36
1930,24/05/24,IMP. CRE. LEY 25413,,-235.42,339257.94
1932,24/05/24,IMP. DEB. LEY 25413,,-4.24,339253.7
1934,24/05/24,ACREDITAMIENTO,44274.66,,383528.36
1937,24/05/24,ING. BRUTOS S/ CRED,,-796.94,382731.42
1939,24/05/24,IMP. CRE. LEY 25413,,-265.65,382465.77
1940,24/05/24,IMP. DEB. LEY 25413,,-4.78,382460.99
1942,27/05/24,COMPRA DEBITO 0121,,-222478.84,159982.15
1945,27/05/24,IMP. DEB. LEY 25413,,-1334.87,158647.28
1947,27/05/24,ACREDITAMIENTO,777.33,,159424.61
1950,27/05/24,ING. BRUTOS S/ CRED,,-13.99,159410.62
1952,27/05/24,IMP. CRE. LEY 25413,,-4.66,159405.96
1954,27/05/24,IMP. DEB. LEY 25413,,-0.08,159405.88
1956,27/05/24,ACREDITAMIENTO,936.31,,160342.19
1959,27/05/24,ING. BRUTOS S/ CRED,,-16.85,160325.34
1961,27/05/24,IMP. CRE. LEY 25413,,-5.62,160319.72
1963,27/05/24,IMP. DEB. LEY 25413,,-0.1,160319.62
1965,27/05/24,ACREDITAMIENTO,1562.08,,161881.7
1968,27/05/24,ING. BRUTOS S/ CRED,,-28.12,161853.58
1970,27/05/24,IMP. CRE. LEY 25413,,-9.37,161844.21
1972,27/05/24,IMP. DEB. LEY 25413,,-0.17,161844.04
1974,27/05/24,ACREDITAMIENTO,1852.36,,163696.4
1977,27/05/24,ING. BRUTOS S/ CRED,,-33.34,163663.06
1979,27/05/24,IMP. CRE. LEY 25413,,-11.11,163651.95
1981,27/05/24,IMP. DEB. LEY 25413,,-0.2,163651.75
1982,27/05/24,ACREDITAMIENTO,3803.75,,167455.5
1985,27/05/24,ING. BRUTOS S/ CRED,,-68.47,167387.03
1987,27/05/24,IMP. CRE. LEY 25413,,-22.82,167364.21
1989,27/05/24,IMP. DEB. LEY 25413,,-0.41,167363.8
1991,27/05/24,ACREDITAMIENTO,4465.46,,171829.26
1994,27/05/24,ING. BRUTOS S/ CRED,,-80.38,171748.88
1996,27/05/24,IMP. CRE. LEY 25413,,-26.79,171722.09
1998,27/05/24,IMP. DEB. LEY 25413,,-0.48,171721.61
2000,27/05/24,ACREDITAMIENTO,5042.24,,176763.85
2003,27/05/24,ING. BRUTOS S/ CRED,,-90.76,176673.09
2005,27/05/24,IMP. CRE. LEY 25413,,-30.25,176642.84
2007,27/05/24,IMP. DEB. LEY 25413,,-0.54,176642.3
2009,27/05/24,ACREDITAMIENTO,5333.74,,181976.04
2012,27/05/24,ING. BRUTOS S/ CRED,,-96.01,181880.03
2014,27/05/24,IMP. CRE. LEY 25413,,-32.0,181848.03
2016,27/05/24,IMP. DEB. LEY 25413,,-0.58,181847.45
2018,27/05/24,ACREDITAMIENTO,5481.3,,187328.75
2021,27/05/24,ING. BRUTOS S/ CRED,,-98.66,187230.09
2023,27/05/24,IMP. CRE. LEY 25413,,-32.89,187197.2
2024,27/05/24,IMP. DEB. LEY 25413,,-0.59,187196.61
2026,27/05/24,ACREDITAMIENTO,5851.92,,193048.53
2029,27/05/24,ING. BRUTOS S/ CRED,,-105.33,192943.2
2031,27/05/24,IMP. CRE. LEY 25413,,-35.11,192908.09
2033,27/05/24,IMP. DEB. LEY 25413,,-0.63,192907.46
2035,27/05/24,ACREDITAMIENTO,8143.93,,201051.39
2038,27/05/24,ING. BRUTOS S/ CRED,,-146.59,200904.8
2040,27/05/24,IMP. CRE. LEY 25413,,-48.86,200855.94
2042,27/05/24,IMP. DEB. LEY 25413,,-0.88,200855.06
2044,27/05/24,ACREDITAMIENTO,11274.7,,212129.76
2047,27/05/24,ING. BRUTOS S/ CRED,,-202.94,211926.82
2049,27/05/24,IMP. CRE. LEY 25413,,-67.65,211859.17
2051,27/05/24,IMP. DEB. LEY 25413,,-1.22,211857.95
2053,27/05/24,ACREDITAMIENTO,18822.39,,230680.34
2056,27/05/24,ING. BRUTOS S/ CRED,,-338.8,230341.54
2058,27/05/24,IMP. CRE. LEY 25413,,-112.93,230228.61
2060,27/05/24,IMP. DEB. LEY 25413,,-2.03,230226.58
2062,27/05/24,ACREDITAMIENTO,19711.22,,249937.8
2065,27/05/24,ING. BRUTOS S/ CRED,,-354.8,249583.0
2066,27/05/24,IMP. CRE. LEY 25413,,-118.27,249464.73
2068,27/05/24,IMP. DEB. LEY 25413,,-2.13,249462.6
2070,27/05/24,ACREDITAMIENTO,20469.05,,269931.65
2073,27/05/24,ING. BRUTOS S/ CRED,,-368.44,269563.21
2075,27/05/24,IMP. CRE. LEY 25413,,-122.81,269440.4
2077,27/05/24,IMP. DEB. LEY 25413,,-2.21,269438.19
2079,28/05/24,ACREDITAMIENTO,438.9,,269877.09
2082,28/05/24,ING. BRUTOS S/ CRED,,-7.9,269869.19
2084,28/05/24,IMP. CRE. LEY 25413,,-2.63,269866.56
2086,28/05/24,IMP. DEB. LEY 25413,,-0.05,269866.51
2088,28/05/24,ACREDITAMIENTO,1488.49,,271355.0
2091,28/05/24,ING. BRUTOS S/ CRED,,-26.79,271328.21
2093,28/05/24,IMP. CRE. LEY 25413,,-8.93,271319.28
2095,28/05/24,IMP. DEB. LEY 25413,,-0.16,271319.12
2097,28/05/24,ACREDITAMIENTO,1819.27,,273138.39
2100,28/05/24,ING. BRUTOS S/ CRED,,-32.75,273105.64
2102,28/05/24,IMP. CRE. LEY 25413,,-10.92,273094.72
2104,28/05/24,IMP. DEB. LEY 25413,,-0.2,273094.52
2106,28/05/24,ACREDITAMIENTO,1918.5,,275013.02
2108,28/05/24,ING. BRUTOS S/ CRED,,-34.53,274978.49
2110,28/05/24,IMP. CRE. LEY 25413,,-11.51,274966.98
2112,28/05/24,IMP. DEB. LEY 25413,,-0.21,274966.77
2114,28/05/24,ACREDITAMIENTO,2232.73,,277199.5
2117,28/05/24,ING. BRUTOS S/ CRED,,-40.19,277159.31
2119,28/05/24,IMP. CRE. LEY 25413,,-13.4,277145.91
2121,28/05/24,IMP. DEB. LEY 25413,,-0.24,277145.67
2123,28/05/24,ACREDITAMIENTO,2311.51,,279457.18
2126,28/05/24,ING. BRUTOS S/ CRED,,-41.61,279415.57
2128,28/05/24,IMP. CRE. LEY 25413,,-13.87,279401.7
2130,28/05/24,IMP. DEB. LEY 25413,,-0.25,279401.45
2132,28/05/24,ACREDITAMIENTO,3762.56,,283164.01
2135,28/05/24,ING. BRUTOS S/ CRED,,-67.73,283096.28
2137,28/05/24,IMP. CRE. LEY 25413,,-22.58,283073.7
2139,28/05/24,IMP. DEB. LEY 25413,,-0.41,283073.29
2141,28/05/24,ACREDITAMIENTO,4339.11,,287412.4
2144,28/05/24,ING. BRUTOS S/ CRED,,-78.1,287334.3
2146,28/05/24,IMP. CRE. LEY 25413,,-26.03,287308.27
2148,28/05/24,IMP. DEB. LEY 25413,,-0.47,287307.8
2150,28/05/24,ACREDITAMIENTO,5995.29,,293303.09
2153,28/05/24,ING. BRUTOS S/ CRED,,-107.92,293195.17
2155,28/05/24,IMP. CRE. LEY 25413,,-35.97,293159.2
2157,28/05/24,IMP. DEB. LEY 25413,,-0.65,293158.55
2159,28/05/24,ACREDITAMIENTO,9216.78,,302375.33
2162,28/05/24,ING. BRUTOS S/ CRED,,-165.9,302209.43
2164,28/05/24,IMP. CRE. LEY 25413,,-55.3,302154.13
2166,28/05/24,IMP. DEB. LEY 25413,,-1.0,302153.13
2168,28/05/24,ACREDITAMIENTO,9265.54,,311418.67
2171,28/05/24,ING. BRUTOS S/ CRED,,-166.78,311251.89
2173,28/05/24,IMP. CRE. LEY 25413,,-55.59,311196.3
2175,28/05/24,IMP. DEB. LEY 25413,,-1.0,311195.3
2177,28/05/24,ACREDITAMIENTO,12957.14,,324152.44
2180,28/05/24,ING. BRUTOS S/ CRED,,-233.23,323919.21
2182,28/05/24,IMP. CRE. LEY 25413,,-77.74,323841.47
2184,28/05/24,IMP. DEB. LEY 25413,,-1.4,323840.07
2186,28/05/24,ACREDITAMIENTO,13752.02,,337592.09
2189,28/05/24,ING. BRUTOS S/ CRED,,-247.54,337344.55
2191,28/05/24,IMP. CRE. LEY 25413,,-82.51,337262.04
2192,28/05/24,IMP. DEB. LEY 25413,,-1.49,337260.55
2194,28/05/24,ACREDITAMIENTO,37686.37,,374946.92
2197,28/05/24,ING. BRUTOS S/ CRED,,-678.35,374268.57
2199,28/05/24,IMP. CRE. LEY 25413,,-226.12,374042.45
2201,28/05/24,IMP. DEB. LEY 25413,,-4.07,374038.38
2203,28/05/24,ACREDITAMIENTO,38651.94,,412690.32
2206,28/05/24,ING. BRUTOS S/ CRED,,-695.73,411994.59
2208,28/05/24,IMP. CRE. LEY 25413,,-231.91,411762.68
2210,28/05/24,IMP. DEB. LEY 25413,,-4.17,411758.51
2212,28/05/24,ACREDITAMIENTO,68900.5,,480659.01
2215,28/05/24,ING. BRUTOS S/ CRED,,-1240.21,479418.8
2217,28/05/24,IMP. CRE. LEY 25413,,-413.4,479005.4
2219,28/05/24,IMP. DEB. LEY 25413,,-7.44,478997.96
2221,29/05/24,ACREDITAMIENTO,951.0,,479948.96
2224,29/05/24,ING. BRUTOS S/ CRED,,-17.12,479931.84
2226,29/05/24,IMP. CRE. LEY 25413,,-5.71,479926.13
2228,29/05/24,IMP. DEB. LEY 25413,,-0.1,479926.03
2230,29/05/24,ACREDITAMIENTO,1560.52,,481486.55
2233,29/05/24,ING. BRUTOS S/ CRED,,-28.09,481458.46
2234,29/05/24,IMP. CRE. LEY 25413,,-9.36,481449.1
2236,29/05/24,IMP. DEB. LEY 25413,,-0.17,481448.93
2238,29/05/24,ACREDITAMIENTO,1853.11,,483302.04
2241,29/05/24,ING. BRUTOS S/ CRED,,-33.36,483268.68
2243,29/05/24,IMP. CRE. LEY 25413,,-11.12,483257.56
2245,29/05/24,IMP. DEB. LEY 25413,,-0.2,483257.36
2247,29/05/24,ACREDITAMIENTO,2010.15,,485267.51
2250,29/05/24,ING. BRUTOS S/ CRED,,-36.18,485231.33
2252,29/05/24,IMP. CRE. LEY 25413,,-12.06,485219.27
2254,29/05/24,IMP. DEB. LEY 25413,,-0.22,485219.05
2256,29/05/24,ACREDITAMIENTO,2438.3,,487657.35
2259,29/05/24,ING. BRUTOS S/ CRED,,-43.89,487613.46
2261,29/05/24,IMP. CRE. LEY 25413,,-14.63,487598.83
2263,29/05/24,IMP. DEB. LEY 25413,,-0.26,487598.57
2265,29/05/24,ACREDITAMIENTO,2826.48,,490425.05
2268,29/05/24,ING. BRUTOS S/ CRED,,-50.88,490374.17
2270,29/05/24,IMP. CRE. LEY 25413,,-16.96,490357.21
2272,29/05/24,IMP. DEB. LEY 25413,,-0.31,490356.9
2274,29/05/24,ACREDITAMIENTO,3384.37,,493741.27
2276,29/05/24,ING. BRUTOS S/ CRED,,-60.92,493680.35
2278,29/05/24,IMP. CRE. LEY 25413,,-20.31,493660.04
2280,29/05/24,IMP. DEB. LEY 25413,,-0.37,493659.67
2282,29/05/24,ACREDITAMIENTO,3592.14,,497251.81
2285,29/05/24,ING. BRUTOS S/ CRED,,-64.66,497187.15
2287,29/05/24,IMP. CRE. LEY 25413,,-21.55,497165.6
2289,29/05/24,IMP. DEB. LEY 25413,,-0.39,497165.21
2291,29/05/24,ACREDITAMIENTO,4052.01,,501217.22
2294,29/05/24,ING. BRUTOS S/ CRED,,-72.94,501144.28
2296,29/05/24,IMP. CRE. LEY 25413,,-24.31,501119.97
2298,29/05/24,IMP. DEB. LEY 25413,,-0.44,501119.53
2300,29/05/24,ACREDITAMIENTO,6046.99,,507166.52
2303,29/05/24,ING. BRUTOS S/ CRED,,-108.85,507057.67
2305,29/05/24,IMP. CRE. LEY 25413,,-36.28,507021.39
2307,29/05/24,IMP. DEB. LEY 25413,,-0.65,507020.74
2309,29/05/24,ACREDITAMIENTO,6681.65,,513702.39
2312,29/05/24,ING. BRUTOS S/ CRED,,-120.27,513582.12
2314,29/05/24,IMP. CRE. LEY 25413,,-40.09,513542.03
2316,29/05/24,IMP. DEB. LEY 25413,,-0.72,513541.31
2318,29/05/24,ACREDITAMIENTO,7363.67,,520904.98
2321,29/05/24,ING. BRUTOS S/ CRED,,-132.55,520772.43
2323,29/05/24,IMP. CRE. LEY 25413,,-44.18,520728.25
2325,29/05/24,IMP. DEB. LEY 25413,,-0.8,520727.45
2327,29/05/24,ACREDITAMIENTO,8061.03,,528788.48
2330,29/05/24,ING. BRUTOS S/ CRED,,-145.1,528643.38
2332,29/05/24,IMP. CRE. LEY 25413,,-48.37,528595.01
2334,29/05/24,IMP. DEB. LEY 25413,,-0.87,528594.14
2336,29/05/24,ACREDITAMIENTO,13143.54,,541737.68
2339,29/05/24,ING. BRUTOS S/ CRED,,-236.58,541501.1
2341,29/05/24,IMP. CRE. LEY 25413,,-78.86,541422.24
2343,29/05/24,IMP. DEB. LEY 25413,,-1.42,541420.82
2345,29/05/24,ACREDITAMIENTO,16044.02,,557464.84
2348,29/05/24,ING. BRUTOS S/ CRED,,-288.79,557176.05
2350,29/05/24,IMP. CRE. LEY 25413,,-96.26,557079.79
2352,29/05/24,IMP. DEB. LEY 25413,,-1.73,557078.06
2354,29/05/24,ACREDITAMIENTO,24931.13,,582009.19
2357,29/05/24,ING. BRUTOS S/ CRED,,-448.76,581560.43
2359,29/05/24,IMP. CRE. LEY 25413,,-149.59,581410.84
2360,29/05/24,IMP. DEB. LEY 25413,,-2.69,581408.15
2362,29/05/24,ACREDITAMIENTO,45479.18,,626887.33
2365,29/05/24,ING. BRUTOS S/ CRED,,-818.63,626068.7
2367,29/05/24,IMP. CRE. LEY 25413,,-272.88,625795.82
2369,29/05/24,IMP. DEB. LEY 25413,,-4.91,625790.91
2371,30/05/24,ACREDITAMIENTO,975.32,,626766.23
2374,30/05/24,ING. BRUTOS S/ CRED,,-17.56,626748.67
2376,30/05/24,IMP. CRE. LEY 25413,,-5.85,626742.82
2378,30/05/24,IMP. DEB. LEY 25413,,-0.11,626742.71
2380,30/05/24,ACREDITAMIENTO,1560.52,,628303.23
2383,30/05/24,ING. BRUTOS S/ CRED,,-28.09,628275.14
2385,30/05/24,IMP. CRE. LEY 25413,,-9.36,628265.78
2387,30/05/24,IMP. DEB. LEY 25413,,-0.17,628265.61
2389,30/05/24,ACREDITAMIENTO,3059.68,,631325.29
2392,30/05/24,ING. BRUTOS S/ CRED,,-55.07,631270.22
2394,30/05/24,IMP. CRE. LEY 25413,,-18.36,631251.86
2396,30/05/24,IMP. DEB. LEY 25413,,-0.33,631251.53
2398,30/05/24,ACREDITAMIENTO,3142.35,,634393.88
2401,30/05/24,ING. BRUTOS S/ CRED,,-56.56,634337.32
2402,30/05/24,IMP. CRE. LEY 25413,,-18.85,634318.47
2404,30/05/24,IMP. DEB. LEY 25413,,-0.34,634318.13
2406,30/05/24,ACREDITAMIENTO,3712.94,,638031.07
2409,30/05/24,ING. BRUTOS S/ CRED,,-66.83,637964.24
2411,30/05/24,IMP. CRE. LEY 25413,,-22.28,637941.96
2413,30/05/24,IMP. DEB. LEY 25413,,-0.4,637941.56
2415,30/05/24,ACREDITAMIENTO,4474.78,,642416.34
2418,30/05/24,ING. BRUTOS S/ CRED,,-80.55,642335.79
2420,30/05/24,IMP. CRE. LEY 25413,,-26.85,642308.94
2422,30/05/24,IMP. DEB. LEY 25413,,-0.48,642308.46
2424,30/05/24,ACREDITAMIENTO,4494.28,,646802.74
2427,30/05/24,ING. BRUTOS S/ CRED,,-80.9,646721.84
2429,30/05/24,IMP. CRE. LEY 25413,,-26.97,646694.87
2431,30/05/24,IMP. DEB. LEY 25413,,-0.49,646694.38
2433,30/05/24,ACREDITAMIENTO,4961.61,,651655.99
2436,30/05/24,ING. BRUTOS S/ CRED,,-89.31,651566.68
2438,30/05/24,IMP. CRE. LEY 25413,,-29.77,651536.91
2440,30/05/24,IMP. DEB. LEY 25413,,-0.54,651536.37
2442,30/05/24,ACREDITAMIENTO,6641.93,,658178.3
2444,30/05/24,ING. BRUTOS S/ CRED,,-119.55,658058.75
2446,30/05/24,IMP. CRE. LEY 25413,,-39.85,658018.9
2448,30/05/24,IMP. DEB. LEY 25413,,-0.72,658018.18
2450,30/05/24,ACREDITAMIENTO,13118.06,,671136.24
2453,30/05/24,ING. BRUTOS S/ CRED,,-236.13,670900.11
2455,30/05/24,IMP. CRE. LEY 25413,,-78.71,670821.4
2457,30/05/24,IMP. DEB. LEY 25413,,-1.42,670819.98
2459,30/05/24,ACREDITAMIENTO,13937.33,,684757.31
2462,30/05/24,ING. BRUTOS S/ CRED,,-250.87,684506.44
2464,30/05/24,IMP. CRE. LEY 25413,,-83.62,684422.82
2466,30/05/24,IMP. DEB. LEY 25413,,-1.51,684421.31
2468,30/05/24,ACREDITAMIENTO,15142.26,,699563.57
2471,30/05/24,ING. BRUTOS S/ CRED,,-272.56,699291.01
2473,30/05/24,IMP. CRE. LEY 25413,,-90.85,699200.16
2475,30/05/24,IMP. DEB. LEY 25413,,-1.64,699198.52
2477,30/05/24,ACREDITAMIENTO,15507.59,,714706.11
2480,30/05/24,ING. BRUTOS S/ CRED,,-279.14,714426.97
2482,30/05/24,IMP. CRE. LEY 25413,,-93.05,714333.92
2484,30/05/24,IMP. DEB. LEY 25413,,-1.67,714332.25
2486,30/05/24,COMPRA DEBITO 0833,,-82251.03,632081.22
2489,30/05/24,IMP. DEB. LEY 25413,,-493.51,631587.71
2491,30/05/24,COMPRA DEBITO 0833,,-127141.05,504446.66
2494,30/05/24,IMP. DEB. LEY 25413,,-762.85,503683.81
2496,30/05/24,COMPRA DEBITO 0833,,-433730.53,69953.28
2499,30/05/24,IMP. DEB. LEY 25413,,-2602.38,67350.9
2501,31/05/24,ACREDITAMIENTO,1405.81,,68756.71
2504,31/05/24,ING. BRUTOS S/ CRED,,-25.3,68731.41
2506,31/05/24,IMP. CRE. LEY 25413,,-8.43,68722.98
2508,31/05/24,IMP. DEB. LEY 25413,,-0.15,68722.83
2510,31/05/24,ACREDITAMIENTO,1488.49,,70211.32
2513,31/05/24,ING. BRUTOS S/ CRED,,-26.79,70184.53
2515,31/05/24,IMP. CRE. LEY 25413,,-8.93,70175.6
2517,31/05/24,IMP. DEB. LEY 25413,,-0.16,70175.44
2519,31/05/24,ACREDITAMIENTO,2730.9,,72906.34
2522,31/05/24,ING. BRUTOS S/ CRED,,-49.16,72857.18
2524,31/05/24,IMP. CRE. LEY 25413,,-16.39,72840.79
2526,31/05/24,IMP. DEB. LEY 25413,,-0.29,72840.5
2528,31/05/24,ACREDITAMIENTO,3072.26,,75912.76
2531,31/05/24,ING. BRUTOS S/ CRED,,-55.3,75857.46
2533,31/05/24,IMP. CRE. LEY 25413,,-18.43,75839.03
2535,31/05/24,IMP. DEB. LEY 25413,,-0.33,75838.7
2537,31/05/24,ACREDITAMIENTO,3861.8,,79700.5
2540,31/05/24,ING. BRUTOS S/ CRED,,-69.51,79630.99
2542,31/05/24,IMP. CRE. LEY 25413,,-23.17,79607.82
2544,31/05/24,IMP. DEB. LEY 25413,,-0.42,79607.4
2546,31/05/24,ACREDITAMIENTO,4010.64,,83618.04
2549,31/05/24,ING. BRUTOS S/ CRED,,-72.19,83545.85
2551,31/05/24,IMP. CRE. LEY 25413,,-24.06,83521.79
2553,31/05/24,IMP. DEB. LEY 25413,,-0.43,83521.36
2555,31/05/24,ACREDITAMIENTO,6014.3,,89535.66
2558,31/05/24,ING. BRUTOS S/ CRED,,-108.26,89427.4
2560,31/05/24,IMP. CRE. LEY 25413,,-36.09,89391.31
2562,31/05/24,IMP. DEB. LEY 25413,,-0.65,89390.66
2564,31/05/24,ACREDITAMIENTO,6768.73,,96159.39
2567,31/05/24,ING. BRUTOS S/ CRED,,-121.84,96037.55
2569,31/05/24,IMP. CRE. LEY 25413,,-40.61,95996.94
2570,31/05/24,IMP. DEB. LEY 25413,,-0.73,95996.21
2572,31/05/24,ACREDITAMIENTO,6830.53,,102826.74
2575,31/05/24,ING. BRUTOS S/ CRED,,-122.95,102703.79
2577,31/05/24,IMP. CRE. LEY 25413,,-40.98,102662.81
2579,31/05/24,IMP. DEB. LEY 25413,,-0.74,102662.07
2581,31/05/24,ACREDITAMIENTO,8387.76,,111049.83
2584,31/05/24,ING. BRUTOS S/ CRED,,-150.98,110898.85
2586,31/05/24,IMP. CRE. LEY 25413,,-50.33,110848.52
2588,31/05/24,IMP. DEB. LEY 25413,,-0.91,110847.61
2590,31/05/24,ACREDITAMIENTO,8777.88,,119625.49
2593,31/05/24,ING. BRUTOS S/ CRED,,-158.0,119467.49
2595,31/05/24,IMP. CRE. LEY 25413,,-52.67,119414.82
2597,31/05/24,IMP. DEB. LEY 25413,,-0.95,119413.87
2599,31/05/24,ACREDITAMIENTO,18101.94,,137515.81
2602,31/05/24,ING. BRUTOS S/ CRED,,-325.83,137189.98
2604,31/05/24,IMP. CRE. LEY 25413,,-108.61,137081.37
2606,31/05/24,IMP. DEB. LEY 25413,,-1.96,137079.41
2608,31/05/24,ACREDITAMIENTO,20954.06,,158033.47
2611,31/05/24,ING. BRUTOS S/ CRED,,-377.17,157656.3
2612,31/05/24,IMP. CRE. LEY 25413,,-125.72,157530.58
2614,31/05/24,IMP. DEB. LEY 25413,,-2.26,157528.32
2616,31/05/24,ACREDITAMIENTO,31412.14,,188940.46
2619,31/05/24,ING. BRUTOS S/ CRED,,-565.42,188375.04
2621,31/05/24,IMP. CRE. LEY 25413,,-188.47,188186.57
2623,31/05/24,IMP. DEB. LEY 25413,,-3.39,188183.18
2625,31/05/24,SUSCRIPCION FIMA,,-100000.0,88183.18
2627,Total,,,,
2628,Consol,idado de retencin de impuestos,,,
2629,Consolidad,o,,,
